2601 3864
261 309 348 331 178

783 128 1608 210 Item confesse Icelle avoir jecté dudit poulsat

818 241 1563 184 sur les porcs Jehan du pray, a raison de

802 338 1624 161 ce quil ne lui avoit volsus aller querir du

792 431 1351 155 bois, Et que partant ils en morurent.

773 566 1634 148 Item confesse que sondit maitre Hemmerlin lui

738 653 1637 155 avoit donné de la graisse, et que dicelle

802 759 1515 142 graisse elle en avoit frotte une petite

770 862 1598 126 verge, de laquelle elle frappa lune

831 943 1531 148 des fille de Caspar vallat quen devint

847 1049 1647 132 malade. Et ce a raison de ce quelle ne

844 1130 1547 148 Lui avoit volsus donner des blassons,

825 1233 1028 164 mais ne scait sy ceste la

1746 1220 158 96 celle

1882 1268 602 135 quest morte ou

792 1345 181 104 non

760 1452 1683 119 Item confesse que au rond bois de millandre

612 1539 1940 161 que ledit son maitre la venoit treuver et avoit allors

799 1632 690 158 sa compagnie.

2375 3654 93 184 3
