2754 3743
224 205 275 259 82

749 184 1580 155 Item que sont passe trois sepmaines elle

768 290 1580 146 Jecta dudit poulsat sur lung des chevaulx

789 383 1449 144 de Moriqua hennin et aussi le lundi

783 474 1558 131 avant quelle fut prisonniere en avoit

786 564 1562 134 jecte sur une vache estant a Jaicque

786 688 1615 126 maillat mais ne scait sy lesdits cheval

786 720 890 159 et vache en son mort.

724 929 1620 147 Item confesse avoir jecte dudit poulsat

774 1038 1605 134 sur lenfant de Jaicque maillat de sorte

802 1135 1583 131 quil en est devenu tout debille et malade

727 1225 1505 138 Lequel mal elle ne lui seroit oster

802 1319 1005 140 Pour lavoir trop porte

1720 1434 318 109 ^ung peu

774 1481 1049 165 Item confesse quelle meit ^

1829 1515 447 194 dudit poulsat

612 1581 1748 168 en une soppe quelle feist a la femme

736 1696 1499 122 de son filz, et que layant mange

765 1787 1598 112 Icelle devint fort malade. Et que la

793 1890 1486 140 Dame de Gallfingen lui a depuis

777 1980 693 141 oste le mal.

733 2158 1427 140 Item de plus confesse que avec dudit

658 2252 1674 143 poulsat elle a faict mourir Borquin

771 2348 1452 144 filz de Perrin hennin et Richarde sa

808 2451 1530 153 femme parce quilz avoyent mal parle

768 2545 1623 140 delle et dit quelle Leur avoit derobe

755 2657 628 137 ung fleurie

946 2829 1314 131 Ladite Aignelatte fust le premier de

967 2922 1374 116 Septembre 1609 condempnee destre

986 3022 1333 90 Bruslee toute vive mais par grace

996 3075 1295 134 fust decapitee et desla son corps

1008 3153 606 187 jecte au feug

2310 3518 38 112 3
