2754 3743
274 152 122 138 .5.

780 180 1692 150 Jehan mahon de Beurnevesain depose Que

783 286 1580 128 par ung soir en presentce de plusieurs Que ledit

777 377 1602 131 Henri se declaira que Il avoit empeiche par

786 461 1696 128 deux ou trois nuct sa femme que se vouloit

765 561 1711 115 relever pour aller mectre le feug en la

765 633 1779 146 maison de ses freres Et quil sen deschargeoit

786 714 450 84 de tel faict

743 767 1658 118 Dit quil a ouys dire Que lon chargeoit et

802 848 1689 122 suspitionoit sont plus de quinze ans que ladite

768 926 1758 115 Agatte estoit une genauche Et quelle avoit

796 1010 1726 144 fait a mourir des enffans a Bastien simon

768 1091 1723 131 et quon lui reprochoit ouvertement Comme aussi

808 1185 1630 112 fait mourir ung veau a Jehan muat et dune

749 1266 1683 106 une jument au voueble mesme quelle

802 1344 1633 115 avoit greve et tire les yeulx a lenfant de

789 1428 1599 128 henri guenat Et de plus greve et donne

733 1515 1677 122 La maladie a Richard chavanne de Cueve

793 1600 1605 134 questoit pour lors son serviteur. Et de

783 1693 1683 125 plus a opinion quelle lui a fait a mourir

736 1768 612 134 une jument.

799 1940 1649 143 Jehan pbtre Prestre de Beurnevesain

755 2036 1621 122 depose que dimenche devant le mostier

805 2130 1568 122 que led en presentce de Jaicque chevrolet

789 2214 1584 103 Que ledit henri dit Que Il se vouloit

780 2289 1739 137 descharger par devant eulx Que sadite femme

799 2395 1705 106 sestoit voulu relever pour mectre le feu

824 2476 1670 140 en la maison de ses freres. Ce que ledit henri

805 2585 1608 113 raconta derechieff sur le soir devant

783 2657 381 125 plusieurs

746 2747 1761 119 Dit avoir ouys dire a plusieurs quelle estoit

818 2838 1704 118 genauche et quon lui avoit plusieurs fois reproche

793 2907 1177 137 sans quelle sen soit purgee

774 3003 1714 119 dit quon la charge davoir creve les yeulx au a

827 3081 1636 141 lenfant henri guenat, fait mourir les

330 1905 44 166 6

2426 3524 53 206 6
