2754 3743
814 302 153 209 81

409 149 621 162 1609. 18. augusti

477 255 284 138 - 1e sept.

493 474 421 127 aignelatte

440 623 406 163 fouvent

1105 184 1261 155 Reconfessions des Actes Crimes et

1124 305 1149 116 delictz Commis et perpetrez par

1127 380 1327 125 Aignelatte vefve de feu Thiebault

1145 458 1165 122 Fouvent de Bonfolz. Par elle

1114 555 1302 96 Librement recognuz les 18 20 26

1155 623 1286 122 et dernier jour daogst de lan present

1180 695 215 119 1609

861 826 1633 144 Premierement confesse que sont environ quinze

852 926 1602 131 ans Questant en la ville de Pourrentruy

846 1010 1573 125 et ayant heu quelque parolles avec sondit

830 1104 1593 118 mary A raison quilz estoyent poursuit de

833 1188 1571 122 feu Thiebault machanguey pour des dixmes

824 1272 1574 125 quil avoyt Rec heu de luy Quiceluy sond

818 1353 1611 122 mary estant remply de vin monsta sur sa

827 1437 1524 131 charrette et sen alla, la laissant aller

830 1547 1524 121 seule a pied, et estant venue jusques

786 1618 1668 141 au bois de Morteveille, Ung beau Jeusne

836 1718 1571 144 homme vestu de verd (comme luy sembloit)

830 1818 1499 134 la surparla de se donner a luy et

830 1918 1399 125 quil ne la laisseroit jamais et lui

830 2027 1561 128 donneroit de largent. Ce quelle feist

808 2127 1558 115 Et Renuncea allors dieu et la vierge

818 2223 1564 119 marie Cresme et baptesme, et print

814 2317 1605 140 ledit vestu de verd pour son maitre. Lequel

830 2411 1596 137 disoit sappeller Robine Et heust allors

821 2492 1445 121 Comme depuis beaulxcoup de fois sa

836 2595 1605 121 compagnie. Lequel luy donna de largent

836 2685 1568 137 comme lui sembloit Mais quant Il fust

830 2772 1602 122 dispartis ce ne fut que des feuilles de

833 2850 1499 128 chasne. Comme aussi lui donna du

833 2938 1571 128 poulsat pour faire a mourir bestes et gens

833 3019 1611 159 et de la graisse pour se frotter pour aller

839 3109 425 116 au Sabath.

1405 3490 53 84 3

2341 3540 57 65 1
