2596 3832
214 150 176 178 140

585 204 441 134 17-27 mai

1118 67 1212 162 Proces Criminel de Alix vefve

1198 172 1279 131 George Rossel de Boncourt accusee

1176 255 978 150 et saisie pour sortilege

1051 386 835 124 Le 17 de may 1610

680 488 1727 160 Ladite Alix estant Interrogue Sur les faictz dont elle

712 600 1720 112 estoit accusee et sur les Informations  prin levees

690 683 1579 118 doffice le matin na rien volsus confesser.

687 766 1774 169 Surquoy luy fust donne terme jusques apres disne.

1313 887 752 125 Apres disne dudit jour

700 970 1752 189 Na rien volsus confesser. Dont elle fust condempnee

719 1072 678 99 a la tourture.

716 1136 1691 166 Ou estant simplement solevee de terre confessa

741 1239 1650 137 Quil y a environ dix ans, Qung homme entre

722 1315 1592 115 nuit et jour sadressa a elle. Luy donna du

725 1385 1592 144 poulsat pour nuire a gens et a bestes. Et

687 1472 1713 153 Lui donna de lor et de largent mais ce ne fust

703 1555 1666 147 que des feuilles de chasnes Et la sollicita de

719 1641 1742 137 Renuncer dieu Cresme et baptesme ce quelle

732 1721 1688 147 feist. Et heust alors sa compagnie questoit

716 1813 1659 166 merveleusement froide Et dit quil sappelloit

716 1922 275 124 charbon.

700 2034 1803 153 Dit que dudit Poulsat elle en avoit jecte sur une

671 2126 1576 134 vache de Nicolas guyon Laquelle en morut

716 2257 1784 150 Plus en jecta sur ung cheval de Pierrat Borquenei

703 2353 1771 131 questoit devant sa maison lequel en mourut Et

716 2436 1662 131 ce a raison de ce que ledit Bourquenei ne lui

696 2525 1794 147 poyoit point sa chievre que ses chiens lui avoient

732 2644 191 108 gaste

703 2717 1771 141 Plus dit quelle en avoit aussi jecte ung cheval

722 2816 1666 134 chastrels de poil gris questoit a mori guyon,

712 2899 1692 121 sont 6 ans a Raison de ce que ledit Mori ne lui

690 2979 1803 140 vouloit donner aulcune recompense de sa maison

709 3062 636 144 quil avoit heu.

1361 3582 71 135 4

2362 3608 51 176 1
