2622 3818
665 104 1750 137 raison de ce que ledit Bourquenei ne lui poyoit

677 209 1747 147 point une chievre que les chiens dudit Bourquenei

661 289 1009 153 lui avoyent gastei domaige

922 279 210 77 ?

665 451 1740 169 Item confesse avoir encour jecté dudit poulsat

620 553 1801 153 sur ung cheval chastré de poil gris questoit

665 649 1743 130 a Mori guyon, a raison de ce que ledit Mori ne lui

626 734 1696 131 vouloit donner aulcune recompense de la

655 839 1830 137 maison qui celui tenoit qui meuvoit delle, lequel

684 913 375 92 en mourut

623 995 1712 134 Item confesse que ledit Charbon son maitre avoit

658 1084 1671 134 les pieds ronds comme une beste. Et que ses

680 1170 847 147 habitz estoient de gris

684 1342 1699 131 Item confesse quicelle sest treuve au Sabath

665 1463 1116 89 Sur les planches gribolai ‡

1797 1473 541 82 Auquel lieu

680 1524 1655 124 Il y en avoit plusieures aultres quelle ne

620 1603 1769 162 cougnoissoit parce quelles estoient masquees.

60 1466 538 77 ‡proche du fahie

98 1489 331 101 de dele

2284 3569 86 121 2
