2648 3947
111 282 655 106 Confesse avoir maudit

144 348 652 105 celle que faisoit 20 tord

167 414 569 85 a laultre quelle ne

167 476 569 99 deust point vivre ung

190 571 658 90 an. Et est depuis morte

414 128 234 217 65

825 177 1661 148 A quelle occasion ladite Annelin fust faschee

828 266 1675 141 lors quela f coiffe de la seure Thevnat

809 338 1644 155 maillat fust perdue, Et sy elle scait rien

786 427 1799 151 de la maladie dicelle dequoi la mort sen ensuivit

825 713 1668 129 chievres de Nicolas torel et comme le laict

549 622 1934 253 21 Sy elle scait point qui avoit oste Le laict aux

786 812 641 141 Leur est revenu.

598 901 257 121 Negat

822 1134 1618 132 des vaches de dedie villain lors quelle ladite

552 1073 1898 275 22 Sy elle scait point qui estoit la cause du laict

792 1223 1694 122 Annelin fust au marche avec leur mere,

822 1299 1750 131 et avoit tenu et manie en ses mains lebeurre

552 1397 336 106 Negat

519 1509 1862 230 23. Sy elle scait point la cause dela maladie

802 1601 1648 129 du cheval dudit dedie Lors quelle quil lui

822 1687 1533 135 refusa daller querir une charre de bois

585 1782 359 132 Negat.

493 1934 2062 176 24. Du cheval mort a Perrin coinson et devenu

802 1989 1661 132 malade incontinenti apres que ledit Perrin

759 2072 1803 138 Lui heust refuse de mener du fumier et quelle

766 2160 1444 145 Leust menace quil nen gaingneroit rien.

552 2272 405 165 Negat.

532 2430 1902 181 25. Quil Maudiroit tant Vernier coinson quille

796 2532 990 161 feroit a seicher sur terre.

805 2795 1741 132 baptiser, quelle dit a Belet femme Borcard guenin

493 2730 1970 292 26. Lors quon portoit lenfant vernier coinson pour

805 2884 1658 125 qui tient cest enffant quelle respondit bien veoir

763 2966 1746 135 que surce elle dit quelle feroit le diable que lui deust

802 3065 1714 135 tomber sus et sur le pere et sur la mere et sur

749 3151 1412 138 Lenfant et sur les parain et maronnes.

2444 3713 55 112 3
