2560 3735
713 183 1607 140 ungs qui alloyent de travers les aultres qui sont

731 289 1573 128 mortz. Mais ne scait dou procedoyent telles

753 385 860 103 Inconveniens et maladies

666 522 1672 128 Semon villain dudit Courthedoubs depose, que sont,

741 619 1632 131 environ, quatre ans quilz avoyent deux Juvencelx

728 715 1607 122 que vindrent malades Et estant estes conseilles

647 809 1723 130 de baptre les lings diceulx, deposant print

691 899 1616 134 Lesdits Lings les baptirent avec des fleu dont

660 996 1585 146 Ladite Annelin se trouvat tout blessee par le

666 1095 1735 134 visaige. Non pourtant lesdits Juvencelx morurent

688 1185 1579 134 Et a opinion deposant que ladite Annelin les

706 1276 754 158 Leur feist mourir

700 1490 1660 144 Vaulbert Jordain dudit lieu Par serement depose

697 1587 1648 118 Que la premiere femme de Estienne doland

719 1671 1675 121 devint malade sont plus de huit ans de sorte

713 1758 1657 121 quil La failloit tenir dont deposant y estant

710 1830 1594 133 et laidant a tenir, Icelle femme dudit Doland

716 1948 1678 109 present plusieurs aultres personnes dit qui la Baillie

625 2023 433 99 entendant et nommant

722 2032 1591 137 quest Ladite Annelin lui avoit donne la maladie.

691 2141 1604 121 de laquelle ayant quelquement trayne ladite

688 2228 1610 134 de telle maladie finablement en est morte

694 2399 1582 137 Theunat guenin par serement depose, Que

694 2502 1666 115 Lannée passee, Ladite Annelin fust interpeller

694 2574 1588 146 deposant de lui aller querir une charree de

710 2670 1631 143 feuille ce que nayant, peu faire pource que

691 2757 1707 150 Lui convenoit aller querir de lavenne lui refusa

694 2863 1635 140 Et le lendemain ayant deposant mene une

716 2956 1501 153 charree de boihin pour son frere Caspar,

2313 3486 57 220 6
