2623 3993
675 186 1861 163 Anne vefve henri Villain dudit Courthedoubs, depose

699 306 1840 143 questant une fois aux Louvres Ladite, Annelin frapit

655 395 1831 127 Ladite deposante de la main sur la droite espaule

679 482 1747 133 En sorte que le Lendemain elle deposante fust

685 578 1741 134 Impotante de la droite partie de son corps.

689 672 1810 136 Ce quayant deposante aperceu et sestant mescrus

679 768 1780 130 quelle Lui auroit donne tel mal. Surce que

682 868 1861 133 deposante avoit ouys dire que quant on estoit

695 958 1808 140 greve quon debvoit prendre de neufz sortes derbes

669 1064 1720 120 du curtil de ceulx quon se mescroit. Elle

672 1147 1787 147 deposante alla prendre de neufz sortes derbes

692 1257 1811 127 au curtil dicelle, quelle cuyt en faist une

745 1357 1611 133 soppe et la mangea dont deans huit Jours

682 1457 1857 126 ensuiguant elle fust guarie. Et croit fermement

695 1547 1728 160 que parlattouchement predit telle maladie Lui

695 1647 546 136 estoit advenue.

619 1813 1674 146 Esibel, femme henry Vellain dudit Courthedoubs

679 1913 1737 166 depose quelle este ester malade en ung genoil

692 2033 1661 109 mais ne scait dou procede telle maladie.

689 2099 852 190 Ne scait aultre chose.

2399 3743 47 120 2
