2570 3863
666 424 335 342 177

486 77 541 106 1610. 17. may.

747 157 116 142 /27

315 402 416 187 adelheide

257 537 361 148 Betteve

367 663 119 125 et

212 759 393 145 Alix, veuve

257 859 428 148 Rossel, les

212 978 512 155 deux de Boncourt

202 183 483 161 # de sortilege

1033 106 1263 141 Reconfessions des actes crimes et

1033 247 287 94 delitz #

1323 251 828 77 Commis et perpetrez par

1017 289 1356 139 Adelheit vefve Bourquin Betteny

1088 379 1201 136 De Boncourt, selon quicelle les

1069 482 1162 113 a heu recongnus et reconfesses

1053 556 1265 100 Librement, Les 17 : 19. 21. 25 et

1049 624 1054 155 27 de may an présent 1610

743 769 1723 154 Premierement confesse que sont environ douze

743 872 1662 125 ans, que a elle proche sa maison, entre

740 943 1765 132 jour et nuict, se presenta par deux distinctes

750 1036 1694 129 fois, Ung homme a elle, la saluant, et

756 1123 1707 119 Luy demandant ce quelle faisoit, et sy elle

740 1203 1765 149 se vouloit donner a lui. Quil Lui donneroit

737 1306 1771 149 de lor et de largent. Et que surce ayant

737 1426 1713 122 volsus respondre a Icelui, et nommé et

747 1516 1752 167 appellé Le nom de Jesus, que tel homme

753 1609 1572 164 sestoit tousjour esvanouy et perdus.

734 1786 1694 171 Item confesse que par une troisieme fois, ledit

731 1889 1716 158 homme sestoit derechieff representé a elle

734 1989 1613 135 Et lavoit sollicité comme devant,

734 2102 1671 132 de se donner a lui, quil lui donneroit

743 2189 1717 132 de largent, et lui promectoit de jamais

760 2391 1008 129 et surce se donna a lui

692 2533 1784 180 Item confesse que ledit homme lui conseilla

682 2636 1749 151 et persuada de renier Dieu Cresme et

734 2723 1694 167 baptesme et de le recepvoir lui ledit

747 2836 1652 151 homme pour son maître Lequel Il

708 2929 1700 151 disoit sappeller Hämmerlin, Ce que

750 3016 1671 167 a telle persuasion elle feist. Renia

747 3106 1604 174 surce dieu, Cresme, et Baptesme et

772 3215 1527 161 rint ledit hämmerlin pour son maitre.

1294 3592 61 142 3

2347 3679 65 93 1
