2746 3743
574 134 181 259 71

436 343 365 127 Agathe

427 470 290 141 voelin

2034 168 265 100 - sept. 1.

1582 49 858 172 1609. 17 auguusti et Seqquentibus

1026 199 1411 122 Reconfessions des actes Crimes et delictz

1067 371 1282 131 de henry vouelin de Beurnevesain

1135 533 1224 112 et dernier daougst de lan present 1609.

817 704 1588 135 Premierement confesse questant faschee avec

808 789 1641 124 les freres de son mari, quelle a estee en volonte

798 860 1567 163 par deux ou trois soir de se relever de son lict

833 948 1551 146 pour aller ? mectre le feug en la maison

801 1035 1539 147 desdits freres de sondit mary ne fust esté que

808 1132 1632 140 sondit mary lan a enpeiche Parce quiceulx

798 1210 833 125 la chargeoyent dinjure.

789 1322 1557 150 Item confesse que sont environ dix ans

748 1409 1732 122 que au Bolz de Rechesie elle fust sollicitee

786 1500 1676 100 de lennemy questoit en forme dhomme vestu

789 1581 1707 128 de grys, que sappelloit grappin, de se donner

805 1662 1638 122 a luy avec promesse quil lui donneroit

783 1746 1576 137 de largent et quelle nauroit Jamais

801 1812 1564 143 de rien faulte. Et le soir du mesme

817 1890 1623 146 jour ledit Grappin se treuva derrier leur

783 1977 1660 140 maison et sur telle sollicitation que devant

783 2061 1585 150 Ladite Agatte se donna a lui. Et surce

805 2155 1469 125 Renuncer Dieu et la Vierge marie

811 2242 1526 122 Cresme et baptesme. Et instaument

764 2323 1620 131 Luy donna de largent. Et heust aussy

798 2407 1483 132 in sa compagnie. Puis lui donna

783 2489 1594 127 du poulsat et de la gresse pour nuire

801 2567 1436 124 a gens et bestes. Et quant ledit maitre

814 2657 1504 137 grappin fust departi, ledit argent fut

780 2747 1310 135 converty en feuilles de chasnes.

764 2863 1488 146 Item confessa que par plusieurs fois ladite

842 2963 1209 115 agatte a estee au Sabath avec +

2028 3000 318 53 daultres

817 3038 1563 140 sur les planches de Rechesie. Et es planches de

798 3128 846 125 Bonfols dit en Borel.

209 2994 443 134 + aignelatte

262 3069 490 109 vefve Thiebault

240 3159 362 97 fouvent et

1419 3459 94 156 4

2340 3537 40 81 1

1089.0 296.0 1376.0 118.0 commis et perpetrez par Agatte femme

1079.0 464.0 1354.0 113.0 par elle recognus les 17-20-26 daougst
