2643 3812
168 1785 397 136 La deculpe

2449 3532 38 92 3

695.0 117.0 1712.0 124.0 doffice se rencontrant du tout semblable a

730.0 200.0 1827.0 146.0 ceuquelle avoit confessee Icelle fust condempne

721.0 298.0 1270.0 143.0 destre aplicque a la torture.

708.0 454.0 1725.0 136.0 Ou estant recougnut entierement questoient

740.0 543.0 1671.0 136.0 10 ans quelle avoit renunce dieu Cresme et

746.0 622.0 378.0 99.0 baptesme

711.0 698.0 1125.0 137.0 Sestoit donne a son maitre charbon

727.0 800.0 1182.0 127.0 Avoit heu sa compagnie froide

714.0 879.0 1373.0 134.0 Quil avoit les pied Rond comme une beste

724.0 968.0 972.0 127.0 Quil estoit vestus de gris

717.0 1051.0 1713.0 149.0 Quil lui avoit donne des feuilles pour delargent

730.0 1169.0 1109.0 149.0 Quil avoit receu du poulsat

730.0 1254.0 1709.0 165.0 Et en avoit jectes sur les 2 chevaulx et la vache

736.0 1346.0 267.0 115.0 predits

736.0 1429.0 1798.0 130.0 Quelle sestoit treuve au Sabath Sur les planches

765.0 1518.0 1382.0 127.0 Gribolai vers le fahir de dele O

746.0 1616.0 1811.0 153.0 Quilec Il y en avoit plusieurs questoient masquees

740.0 1731.0 1709.0 140.0 Quilec elle cougnut la voirade femme de

756.0 1813.0 1181.0 147.0 Pierrat fongaibe de dele.

1124.0 1985.0 820.0 117.0 Le 25 dudit mois 1610

721.0 2083.0 1731.0 150.0 Ladite Alix librement ayant nye les faictz predits

746.0 2182.0 1706.0 127.0 et declaire quelle se faisoit tord ainsy que lon

740.0 2264.0 1817.0 131.0 la conduisoit en prison au lieu ou au paravant

746.0 2347.0 1649.0 127.0 elle avoit este Icelle dit que lon la debvoit

746.0 2423.0 1830.0 156.0 remener vers les sieurs officiers quelle se vouloit descharger

724.0 2522.0 1687.0 130.0 Et estant enmy la court du chasteau icelle dit

743.0 2595.0 1757.0 152.0 que vroyement elle avoit commis et perpertres

740.0 2681.0 1814.0 155.0 les actes et crimes par elle confessee Criant a dieu

736.0 2766.0 1795.0 134.0 merci et a monseigneur le priant de lui vouloir faire

730.0 2859.0 1674.0 133.0 grace Et estoient presents messieurs Balthasar

695.0 2922.0 1017.0 124.0 Reitner, Marrel et je.

1213.0 3049.0 670.0 127.0 Le 26. dudit mois

736.0 3125.0 1710.0 134.0 Ladite Alix estant derechieff examinee le matin dudit

727.0 3214.0 1696.0 146.0 jour Icelle dit quelle se faisoit grand tord
