2754 3743
746 190 1680 134 Frene vefve de feu Jehan muat et au présent

780 290 1646 124 femme de Jehan Dieu le fils. Par serement

765 380 1629 122 depose Que par une fois sont bien douze

789 467 1615 122 ans que deposante avoir ung veau questoit

780 564 1636 144 de Sept sepmaines quelle vouloit desallayter

758 661 1708 115 Et estant en son estable Ladite Agatte y advint

777 745 1561 115 advint que dit voycy ung bel veau dieu

724 835 1624 131 Le garde et en apres sen alla. Et tout

771 920 1539 118 Incontinent quelle fust sortie ledit

705 1007 1736 137 veau se print a gruller et dejecter par terre

780 1110 1602 140 puis saultoit en haulst. Ce que voyant

743 1216 1561 122 deposante envoya querir de ses voisinnes

780 1322 1608 122 pour veoir ledit veau, lesquelles dirent

705 1416 1586 152 toutes que ledit veau estoit engenauche et

771 1537 1573 119 quon lavoit greve, lequel mourut ce

768 1634 1567 125 mesme jour environ une heure et

724 1728 1748 134 demye apres ce que ladite Agatte en fust sortie

736 1846 1690 131 Et a deposante opinion que ladite Agatte

730 1946 1674 143 Lavoit engenauche quest tout ce quelle

743 2021 393 162 en scait

2332 3496 59 106 2
