2477 3768
1131 100 314 264 187

399 172 289 135 Betteni

138 248 971 147 La letie et le fromaige de

160 342 902 122 Nicolas guyon et les gens en

188 423 600 107 devenu malade

138 508 1047 148 Franceois faidel la appelle sur

182 602 827 120 sorciere sans sestre venge

141 684 1012 135 La fille Caspar vallat malade

169 769 968 125 Frappee malade et guerie par des

160 907 993 144 Les 18 porcs dudit Caspar vallat

185 1001 581 132 gueris de ses herbes

172 1127 491 107 Romain villers

157 1268 908 138 Les chevaulx quelle faisoit

141 1362 1006 104 mourir a Mori guyon, et ce

144 1422 1006 116 que maitre mareschal du chasteau

169 1488 1025 116 en dit et les herbes prins en son Curtil

150 1601 959 132 des medicamens quelle donna

172 1692 953 113 au cheval malade du père de

163 1739 1034 145 mori vallat que devint guairis

150 1871 1013 135 Les chevaulx Pierrenat Cesaier

194 1978 877 110 que lui mouroyent et les

182 2047 965 119 menaces faictes en son endroit

150 2132 925 106 Quelle ne sest vengee des

204 2219 745 110 injures a elle dite.

185 2323 996 129 Les chievres quelle m tira en

172 2405 1075 128 Lestable Jehan Belin qui devindrent

198 2486 264 129 tayries

198 2590 1043 107 Le Bestial mort a Guilliame

185 2672 846 144 de Proi sur les menaces.

1634 116 695 119 Alix vefve George

1694 244 289 60 Rossel.

1345 273 833 132 La vache de Nicolas guyon

1348 367 1066 122 Les 8 porcs qui morurent audit Nicola

1373 449 946 116 guyon, et les herbes donnees aux

1367 508 251 85 aultres

1361 615 939 151 Icelle treuvee en son Curtil,

1383 731 946 101 baptue dit que sestoit une

1398 794 1006 138 beste qui lavoit ainsy traictee

1395 879 475 141 et portee la

1317 1029 1081 148 La chievre domaigee par le chien

1354 1133 1012 104 par de Pierrat Bourquene, et

1405 1208 999 113 son cheval tost apres mort sur

1367 1284 996 100 Les menaces delle et de sa fille

1345 1375 1065 116 de plus tous les chevaulx de la charrue

1383 1450 1027 104 mor de sa femme mort pour

1376 1529 1038 182 navoir poyes son fils a son plaisir

1386 1654 996 142 De la delivrance de lenfant

1398 1745 984 117 de la femme Mori guyon,

1436 1814 918 135 et des parolles tenues par elle.

1364 1902 1043 110 Des declarations par elle faicte de ce

1383 1987 958 119 que sy le prebtreb t r e  neust mis La

1379 2059 1035 135 main audit garson, mori girradat

1386 2157 613 135 quelle Leust guairi

1348 2235 1066 148 Laction quelle avoit au vergier

1392 2336 1022 132 mori guyon et les chevaulx que et

1389 2424 1025 100 bestiaulx quelle faisoit a mourir

1310 2496 1088 94 Laccusation que lui faisoit son mari destre

1408 2546 160 60 sorciere

1361 2565 983 113 Le Cerisier vers Sainct andre

1401 2647 846 97 où elle estoit montee, et

1383 2700 965 104 Les 5 veau quelle feist mourir

1367 2766 1053 157 Et les propos tenu par sa bellemere

1383 2898 1024 132 Les chevaulx devenu malade

1439 2986 783 122 a Guilliame du prai.

1364 3099 1006 110 La maladie donnee au père

1398 3165 902 116 de Adam girardat qui

1423 3237 956 103 morut et la declaration quelle

1439 3315 899 120 feist que sil ne fust este

1420 3372 591 119 administre etc

2285 3570 59 194 1

342.0 65.0 821.0 135.0 Adelheit vefve Borquin

172.0 850.0 249.0 113.0 Herbes.
