2633 3956
498 204 264 323 64

587 494 1755 155 1 A quelle raison elle est estee tiree en prison.

564 702 1814 132 2 Sy point elle a frappe au Louvre lucie fille

607 847 240 151 Negat

814 804 568 109 Pierre Broingne

524 985 1986 195 3 Sy point elle a heu frappe lenfant henri Coinson

699 1084 231 99 Negat

577 1262 1712 198 4 Sy point elle a heu greve a la femme dudit

729 1374 554 145 henri Coinson

653 1437 303 151 Negat

768 1704 1729 184 derrier sa maison et dessus son toict en temps

534 1651 1851 178 5 Quel passes de vache se retreuvyent

765 1783 224 102 dhivers

682 1852 1878 116 Respond que ce nest seulement derrier chies elle mais partout le vilage

534 2024 1993 161 6. Qui estoit ce Noir homme que se retreuvoit

791 2076 1713 215 en son poille et en sa maison que son fils aveu

788 2195 551 119 souventesfois.

574 2248 293 148 Negat

570 2429 1795 165 7 Pourquoi elle a baptuz son fils que lavoit

752 2505 366 102 divulgue

663 2558 320 95 Negat.

762 2798 1788 142 devant les fenestres de Vernier thorel que vouloit

576 2706 1779 269 8 Quell estoit cest homme que fust avec elle

735 2894 1719 135 donner de largent a la femme dudit Vernier

752 2993 1805 152 pour payer les emendes Que ladite femme debvoit

471 3052 307 178 Negat

544 3187 1891 220 9 Qui a cause la maladie de ladite femme dudit

656 3293 1779 155 vernier quelle avoit les mains closes Et par apres

699 3365 775 129 perdit La parolle

557 3471 257 125 Negat

1372 3754 76 93 3

2362 3745 73 89 1

1230 158 1000 125 Du 24 de Novembre 1608

1197.0 257.0 1287.0 151.0 Interrogaulx faict a Annelin vefve de

1230.0 362.0 1168.0 142.0 Pierrat vauthier, de Courthedoubs
