2527 3717
217 179 275 375 67

511 167 1817 145 de passees de vaches par son vergier, mesme que

675 269 1616 127 passoyent entre deux paulx. Et lesquelles

685 350 1708 145 passees alloyent par dessus les murs du Cymetiere

657 455 1683 133 mais nentroyent audit Cymitiere ains alloyent

675 548 1548 133 a lentour de la maison de ladite Annelin

679 662 1587 146 Dit de plus que ladite Annelin a ung petit

688 749 1609 152 fils de leaige de dix ans lequel compta

669 842 1684 146 en la grange dudit deposant, que Il y avoit

635 941 1656 133 ung noir homme questoit entre en leur poille

694 1037 1665 133 et se y pourmenoit mais que sa mere nestoit

679 1124 1733 130 en la maison, Et que Il avoit heu sy grand peur

685 1220 1655 152 de lui que Il sestoit cache desoubs la couverte

663 1313 1628 158 du lict. Et que ayant ladite Annelin sceu

663 1412 1591 164 que sondit fils avoit desclaire tel faict elle

654 1520 682 158 Lavoit baptus.

716 1635 1476 161 Dit avoir tousjour ouys dire quelle ladite

710 1750 1063 142 Annelin estoit une sorciere

700 1979 1653 136 Vernier Torel dudit Courthedoubs, par serement,

710 2075 1692 127 Que la femme de lui deposant heust ung proces

734 2158 1665 134 contre ladite Annelin en la Justice de Courthedoubs

728 2245 1575 127 desorte que la femme dudit deposant, fust

725 2323 1588 120 contre condempnee a lemende de quatre

772 2400 1553 127 channes de vin, dont le lieu mesme jour,

725 2474 1591 149 estant deposant es champs nuictanment ladite

728 2555 1609 152 Annelin (Comme la femme dudit deposant le

725 2632 1588 161 mantient.) avec ung noir homme vindrent

719 2725 1603 161 nuitanment devant la maison dudit deposant

762 2812 1597 167 Et rescria ladite femme Disant Alison, vienca

663 2902 1622 164 vientend avec nous, voici ung homme qui

2322 3463 43 111 3
