<?xml version="1.0" encoding="UTF-8"?>
<alto xmlns:xsi="http://www.w3.org/2001/XMLSchema-instance"
      xmlns="http://www.loc.gov/standards/alto/ns-v4#"
      xsi:schemaLocation="http://www.loc.gov/standards/alto/ns-v4# http://www.loc.gov/standards/alto/v4/alto-4-2.xsd">
  <Description>
    <MeasurementUnit>pixel</MeasurementUnit>
    <sourceImageInformation>
      <fileName>B_168_15-2-2_0005.jpg</fileName>
      
    </sourceImageInformation>
  </Description>
  
  <Tags>
    <OtherTag ID="BT365" LABEL="MainZone:column" DESCRIPTION="block type MainZone:column"/><OtherTag ID="BT367" LABEL="MainZone" DESCRIPTION="block type MainZone"/><OtherTag ID="BT368" LABEL="MarginTextZone" DESCRIPTION="block type MarginTextZone"/><OtherTag ID="BT369" LABEL="MarginTextZone:note" DESCRIPTION="block type MarginTextZone:note"/><OtherTag ID="BT370" LABEL="NumberingZone:other" DESCRIPTION="block type NumberingZone:other"/><OtherTag ID="BT371" LABEL="NumberingZone:page" DESCRIPTION="block type NumberingZone:page"/><OtherTag ID="BT379" LABEL="DecorationZone" DESCRIPTION="block type DecorationZone"/><OtherTag ID="BT380" LABEL="CustomZone:signature" DESCRIPTION="block type CustomZone:signature"/>
    <OtherTag ID="LT118" LABEL="DefaultLine" DESCRIPTION="line type DefaultLine"/><OtherTag ID="LT119" LABEL="HeadingLine" DESCRIPTION="line type HeadingLine"/><OtherTag ID="LT120" LABEL="InterlinearLine" DESCRIPTION="line type InterlinearLine"/>
  </Tags>
  
  <Layout>
    <Page WIDTH="2506"
          HEIGHT="3738"
          PHYSICAL_IMG_NR="7"
          ID="eSc_dummypage_">
      <PrintSpace HPOS="0"
                  VPOS="0"
                  WIDTH="2506"
                  HEIGHT="3738">
        
        <TextBlock HPOS="240"
                   VPOS="297"
                   WIDTH="265"
                   HEIGHT="277"
                   ID="eSc_textblock_9132ba34"
                   TAGREFS="BT370">
          <Shape><Polygon POINTS="240 297 240 574 505 574 505 297"/></Shape>
          
          
          <TextLine ID="eSc_line_97becad6"
                    
                    BASELINE="252 546 493 542" 
                    HPOS="240"
                    VPOS="311"
                    WIDTH="252"
                    HEIGHT="265">
            <Shape><Polygon POINTS="249 545 240 358 345 358 386 327 402 314 405 314 408 314 480 311 492 538 489 570 249 576"/></Shape>
	    <String CONTENT="68"
                    HPOS="240"
                    VPOS="311"
                    WIDTH="252"
                    HEIGHT="265"></String>
          </TextLine>

          
        </TextBlock>
        
        <TextBlock HPOS="673"
                   VPOS="161"
                   WIDTH="1780"
                   HEIGHT="2153"
                   ID="eSc_textblock_12c664ee"
                   TAGREFS="BT367">
          <Shape><Polygon POINTS="2415 336 2415 395 2153 607 1620 619 1268 685 1633 760 2166 747 2415 797 2453 1068 2415 1292 2315 1407 2390 1529 2353 1545 2328 1791 2265 1869 2265 2152 1708 2214 1371 2277 1355 2314 772 2314 748 2130 698 2102 748 1890 685 1616 735 1442 673 906 710 161 864 211 2178 224"/></Shape>
          
          
          <TextLine ID="eSc_line_195c73a3"
                    
                    BASELINE="698 308 1686 289 2272 305" 
                    HPOS="691"
                    VPOS="190"
                    WIDTH="1581"
                    HEIGHT="149">
            <Shape><Polygon POINTS="698 308 691 193 832 190 835 190 835 190 838 190 838 190 838 190 850 196 947 246 1003 218 1003 218 1003 218 1006 218 1006 218 1009 218 1009 218 1009 218 1012 218 1100 246 1293 214 1293 214 1296 214 1296 214 1296 214 1299 214 1377 236 1421 211 1443 202 1443 202 1443 202 1446 202 1446 202 1446 202 1449 202 1449 202 1527 211 1567 196 1567 196 1570 196 1570 196 1570 196 1574 196 1574 196 1577 196 1667 221 1708 230 1726 221 1761 205 1761 205 1761 205 1764 205 1764 205 1767 205 1767 205 1973 224 2035 199 2035 199 2038 199 2038 199 2038 199 2041 199 2041 199 2044 199 2044 199 2141 233 2150 239 2269 239 2272 305 2269 333 2160 333 2156 330 2156 330 2153 330 2153 330 2153 330 2153 330 2113 308 2060 330 2057 330 2057 330 2054 330 2054 330 2050 330 2050 330 2050 330 2044 330 1957 311 1842 327 1801 333 1801 333 1801 336 1623 336 1620 333 1620 333 1617 333 1617 333 1614 333 1614 333 1605 327 1586 311 1511 327 1499 327 1499 327 1496 327 1496 327 1474 323 1390 314 1374 323 1358 336 1358 336 1355 336 1355 336 1352 336 1352 336 1352 336 1349 336 1349 336 1346 336 1302 323 1265 314 1215 323 1159 333 1159 333 1159 333 1156 333 1156 333 1153 333 1153 333 1153 333 1150 333 1150 333 1150 330 1140 323 1134 314 1112 323 1084 333 1084 333 1081 333 1081 333 1078 333 1078 333 938 320 894 317 888 320 860 339 857 339 857 339 857 339 854 339 854 339 850 339 850 339 695 317"/></Shape>
	    <String CONTENT=""
                    HPOS="691"
                    VPOS="190"
                    WIDTH="1581"
                    HEIGHT="149"></String>
          </TextLine>

          
          
          <TextLine ID="eSc_line_5aea9ce7"
                    TAGREFS="LT119"
                    BASELINE="698 308 1686 289 2272 305" 
                    HPOS="691"
                    VPOS="190"
                    WIDTH="1581"
                    HEIGHT="149">
            <Shape><Polygon POINTS="698 308 691 193 832 190 835 190 838 190 850 196 947 246 1003 218 1006 218 1009 218 1012 218 1100 246 1293 214 1296 214 1299 214 1377 236 1421 211 1443 202 1446 202 1449 202 1527 211 1567 196 1570 196 1574 196 1577 196 1667 221 1708 230 1726 221 1761 205 1764 205 1767 205 1973 224 2035 199 2038 199 2041 199 2044 199 2141 233 2150 239 2269 239 2272 305 2269 333 2160 333 2156 330 2153 330 2113 308 2060 330 2057 330 2054 330 2050 330 2044 330 1957 311 1842 327 1801 333 1801 336 1623 336 1620 333 1617 333 1614 333 1605 327 1586 311 1511 327 1499 327 1496 327 1474 323 1390 314 1374 323 1358 336 1355 336 1352 336 1349 336 1346 336 1302 323 1265 314 1215 323 1159 333 1156 333 1153 333 1150 333 1150 330 1140 323 1134 314 1112 323 1084 333 1081 333 1078 333 938 320 894 317 888 320 860 339 857 339 854 339 850 339 695 317"/></Shape>
	    <String CONTENT="Jehan perrin guenin de Courthedoubs Par"
                    HPOS="691"
                    VPOS="190"
                    WIDTH="1581"
                    HEIGHT="149"></String>
          </TextLine>

          
          
          <TextLine ID="eSc_line_a94bc16a"
                    
                    BASELINE="720 408 1358 380 2403 373" 
                    HPOS="720"
                    VPOS="292"
                    WIDTH="1683"
                    HEIGHT="131">
            <Shape><Polygon POINTS="720 408 720 314 804 336 854 314 854 314 857 314 857 314 857 314 860 314 860 314 860 314 863 314 863 314 907 333 1050 311 1097 305 1097 305 1290 302 1293 302 1293 302 1296 302 1296 302 1296 302 1315 311 1352 327 1443 308 1499 299 1499 299 1502 299 1502 299 1580 308 1683 323 1779 323 1798 308 1807 299 1807 299 1810 299 1810 299 1810 299 1814 299 1814 299 1817 299 1817 299 1888 305 1935 311 1951 305 1985 292 1985 292 1988 292 1988 292 1991 292 1991 292 1991 292 1994 292 1994 292 1994 292 1997 292 1997 292 2013 305 2029 317 2393 305 2403 373 2403 386 2063 401 2060 401 1994 395 1870 386 1789 401 1748 408 1748 408 1745 408 1745 408 1689 404 1574 392 1508 408 1493 411 1489 411 1489 411 1486 411 1486 411 1449 408 1299 395 1259 414 1246 417 1246 417 1243 417 1243 417 1243 420 1137 420 1134 417 1134 417 1131 417 1131 417 1131 417 1128 417 1128 417 1100 398 720 423"/></Shape>
	    <String CONTENT=""
                    HPOS="720"
                    VPOS="292"
                    WIDTH="1683"
                    HEIGHT="131"></String>
          </TextLine>

          
          
          <TextLine ID="eSc_line_bc60dfc3"
                    TAGREFS="LT119"
                    BASELINE="720 408 1358 380 2403 373" 
                    HPOS="720"
                    VPOS="292"
                    WIDTH="1683"
                    HEIGHT="131">
            <Shape><Polygon POINTS="720 408 720 314 804 336 854 314 857 314 860 314 863 314 907 333 1050 311 1097 305 1290 302 1293 302 1296 302 1315 311 1352 327 1443 308 1499 299 1502 299 1580 308 1683 323 1779 323 1798 308 1807 299 1810 299 1814 299 1817 299 1888 305 1935 311 1951 305 1985 292 1988 292 1991 292 1994 292 1997 292 2013 305 2029 317 2393 305 2403 373 2403 386 2063 401 2060 401 1994 395 1870 386 1789 401 1748 408 1745 408 1689 404 1574 392 1508 408 1493 411 1489 411 1486 411 1449 408 1299 395 1259 414 1246 417 1243 417 1243 420 1137 420 1134 417 1131 417 1128 417 1100 398 720 423"/></Shape>
	    <String CONTENT="serement depose, Quil na aulcune mescreance"
                    HPOS="720"
                    VPOS="292"
                    WIDTH="1683"
                    HEIGHT="131"></String>
          </TextLine>

          
          
          <TextLine ID="eSc_line_2f258099"
                    
                    BASELINE="723 492 1514 464 2300 467" 
                    HPOS="720"
                    VPOS="380"
                    WIDTH="1580"
                    HEIGHT="143">
            <Shape><Polygon POINTS="723 492 720 426 897 426 913 420 938 401 941 401 941 401 941 401 944 401 944 401 947 401 947 401 1084 414 1159 420 1196 411 1240 398 1243 398 1243 398 1246 398 1246 398 1246 398 1302 408 1355 417 1393 404 1421 395 1424 395 1424 395 1424 395 1427 395 1427 395 1489 401 1539 408 1617 398 1695 389 1695 389 1698 389 1698 389 1701 389 1701 389 1701 389 1704 389 1704 389 1711 395 1733 411 1941 389 1982 386 1982 386 1985 386 1985 386 1988 386 1988 386 1994 386 2050 408 2203 408 2290 380 2300 467 2300 489 2082 501 2078 501 2078 501 2019 495 1817 476 1785 501 1779 507 1779 507 1776 507 1776 507 1776 507 1773 507 1773 507 1773 507 1695 510 1692 510 1692 510 1692 510 1689 510 1689 510 1673 504 1620 479 1527 479 1493 501 1489 501 1489 501 1489 501 1486 501 1486 501 1486 501 1483 501 1483 501 1365 485 1312 504 1312 504 1309 504 1309 504 1305 504 1305 504 1305 504 1302 504 1302 504 1302 504 1299 504 1299 504 1299 501 1284 489 1224 501 1224 501 1224 501 1221 501 1221 501 1221 501 1150 485 1087 517 1084 517 1084 517 1084 517 1081 517 1081 517 1078 517 1078 517 1075 517 1072 517 988 495 723 523"/></Shape>
	    <String CONTENT=""
                    HPOS="720"
                    VPOS="380"
                    WIDTH="1580"
                    HEIGHT="143"></String>
          </TextLine>

          
          
          <TextLine ID="eSc_line_04a4021e"
                    TAGREFS="LT119"
                    BASELINE="723 492 1514 464 2300 467" 
                    HPOS="720"
                    VPOS="380"
                    WIDTH="1580"
                    HEIGHT="143">
            <Shape><Polygon POINTS="723 492 720 426 897 426 913 420 938 401 941 401 944 401 947 401 1084 414 1159 420 1196 411 1240 398 1243 398 1246 398 1302 408 1355 417 1393 404 1421 395 1424 395 1427 395 1489 401 1539 408 1617 398 1695 389 1698 389 1701 389 1704 389 1711 395 1733 411 1941 389 1982 386 1985 386 1988 386 1994 386 2050 408 2203 408 2290 380 2300 467 2300 489 2082 501 2078 501 2019 495 1817 476 1785 501 1779 507 1776 507 1773 507 1695 510 1692 510 1689 510 1673 504 1620 479 1527 479 1493 501 1489 501 1486 501 1483 501 1365 485 1312 504 1309 504 1305 504 1302 504 1299 504 1299 501 1284 489 1224 501 1221 501 1150 485 1087 517 1084 517 1081 517 1078 517 1075 517 1072 517 988 495 723 523"/></Shape>
	    <String CONTENT="sur ladite Annelin. Mais dit quil a bien ouys"
                    HPOS="720"
                    VPOS="380"
                    WIDTH="1580"
                    HEIGHT="143"></String>
          </TextLine>

          
          
          <TextLine ID="eSc_line_788f3529"
                    
                    BASELINE="720 582 1218 557 2175 557" 
                    HPOS="713"
                    VPOS="476"
                    WIDTH="1462"
                    HEIGHT="137">
            <Shape><Polygon POINTS="720 582 713 520 1296 482 1299 482 1411 482 1411 482 1411 482 1415 482 1415 482 1415 482 1418 482 1452 507 1524 482 1527 482 1527 482 1527 482 1530 482 1530 482 1533 482 1608 501 1633 482 1633 479 1633 479 1636 479 1636 479 1639 479 1639 479 1639 479 1642 479 1642 479 1645 479 1645 479 1717 504 1842 485 1842 485 1845 485 1845 485 1845 485 1923 501 1954 476 1954 476 1957 476 1957 476 1957 476 1960 476 1960 476 1963 476 1963 476 2172 504 2175 557 2169 588 2119 570 2085 591 2082 594 2078 594 2078 594 2078 594 2075 594 2075 594 2072 594 2072 594 2072 594 2069 594 2057 591 2032 582 2022 591 2013 598 2013 601 2013 601 2010 601 2010 601 2010 601 2007 601 2007 601 2007 601 2004 601 2004 601 1954 591 1920 588 1832 594 1720 604 1717 604 1717 604 1717 604 1714 604 1714 604 1714 604 1711 604 1701 598 1664 573 1486 573 1446 601 1440 607 1440 607 1436 607 1436 607 1436 607 1433 607 1433 607 1433 610 1368 610 1365 607 1365 607 1362 607 1362 607 1362 607 1352 604 1293 576 1019 576 994 594 994 598 994 598 991 598 991 598 988 598 988 598 988 598 984 598 984 598 981 598 922 582 897 604 897 604 894 604 894 604 894 604 891 604 891 604 888 604 888 604 888 604 885 604 885 604 835 585 723 613"/></Shape>
	    <String CONTENT=""
                    HPOS="713"
                    VPOS="476"
                    WIDTH="1462"
                    HEIGHT="137"></String>
          </TextLine>

          
          
          <TextLine ID="eSc_line_e7b3a0fa"
                    TAGREFS="LT119"
                    BASELINE="720 582 1218 557 2175 557" 
                    HPOS="713"
                    VPOS="476"
                    WIDTH="1462"
                    HEIGHT="137">
            <Shape><Polygon POINTS="720 582 713 520 1296 482 1299 482 1411 482 1415 482 1418 482 1452 507 1524 482 1527 482 1530 482 1533 482 1608 501 1633 482 1633 479 1636 479 1639 479 1642 479 1645 479 1717 504 1842 485 1845 485 1923 501 1954 476 1957 476 1960 476 1963 476 2172 504 2175 557 2169 588 2119 570 2085 591 2082 594 2078 594 2075 594 2072 594 2069 594 2057 591 2032 582 2022 591 2013 598 2013 601 2010 601 2007 601 2004 601 1954 591 1920 588 1832 594 1720 604 1717 604 1714 604 1711 604 1701 598 1664 573 1486 573 1446 601 1440 607 1436 607 1433 607 1433 610 1368 610 1365 607 1362 607 1352 604 1293 576 1019 576 994 594 994 598 991 598 988 598 984 598 981 598 922 582 897 604 894 604 891 604 888 604 885 604 835 585 723 613"/></Shape>
	    <String CONTENT="dire et encrier Ladite Annelin pour estre"
                    HPOS="713"
                    VPOS="476"
                    WIDTH="1462"
                    HEIGHT="137"></String>
          </TextLine>

          
          
          <TextLine ID="eSc_line_73a96ba2"
                    
                    BASELINE="738 660 1062 654" 
                    HPOS="729"
                    VPOS="594"
                    WIDTH="333"
                    HEIGHT="131">
            <Shape><Polygon POINTS="738 660 729 619 785 594 785 594 788 594 788 594 788 594 791 594 791 594 794 594 794 594 838 610 847 613 1053 594 1062 654 1059 679 978 679 956 694 947 700 947 700 944 700 944 700 941 700 941 700 941 700 938 700 913 700 847 694 829 713 819 719 819 722 819 722 816 722 816 722 816 722 813 722 813 722 813 722 738 725"/></Shape>
	    <String CONTENT=""
                    HPOS="729"
                    VPOS="594"
                    WIDTH="333"
                    HEIGHT="131"></String>
          </TextLine>

          
          
          <TextLine ID="eSc_line_a95cc8ba"
                    TAGREFS="LT119"
                    BASELINE="738 660 1062 654" 
                    HPOS="729"
                    VPOS="594"
                    WIDTH="333"
                    HEIGHT="131">
            <Shape><Polygon POINTS="738 660 729 619 785 594 788 594 791 594 794 594 838 610 847 613 1053 594 1062 654 1059 679 978 679 956 694 947 700 944 700 941 700 938 700 913 700 847 694 829 713 819 719 819 722 816 722 813 722 738 725"/></Shape>
	    <String CONTENT="sorciere"
                    HPOS="729"
                    VPOS="594"
                    WIDTH="333"
                    HEIGHT="131"></String>
          </TextLine>

          
          
          <TextLine ID="eSc_line_59c1fbe3"
                    
                    BASELINE="701 865 928 850 2365 828" 
                    HPOS="695"
                    VPOS="732"
                    WIDTH="1670"
                    HEIGHT="165">
            <Shape><Polygon POINTS="701 865 695 753 860 753 860 753 860 753 863 753 866 753 963 781 1012 756 1022 750 1022 750 1022 750 1025 750 1025 750 1025 750 1109 747 1112 747 1112 747 1112 747 1115 747 1115 747 1115 747 1118 747 1131 756 1178 791 1249 791 1299 760 1318 747 1321 747 1321 747 1321 747 1324 747 1324 747 1327 747 1327 747 1327 747 1330 747 1330 747 1362 760 1399 775 1433 760 1455 750 1455 750 1458 750 1458 750 1458 750 1461 750 1461 750 1461 750 1464 750 1464 750 1464 750 1468 750 1480 760 1511 781 1620 763 1642 760 1642 760 1645 760 1645 760 1645 760 1648 760 1648 760 1651 760 1655 763 1686 781 1817 781 1835 766 1845 756 1845 756 1848 756 1848 756 1848 756 1851 756 1851 756 1854 756 1854 756 1929 766 1997 775 2013 766 2050 738 2050 738 2054 738 2054 738 2057 738 2057 738 2057 738 2060 738 2060 738 2063 738 2103 747 2125 732 2128 732 2128 732 2128 732 2131 732 2131 732 2131 732 2135 732 2135 732 2359 772 2365 828 2362 856 2138 847 2107 862 2107 865 2103 865 2103 865 2100 865 2100 865 2100 865 2097 865 2097 865 2097 865 2088 865 2054 856 2041 865 2029 875 2029 878 2025 878 2025 878 2025 878 2022 878 2022 878 2022 881 1920 881 1916 878 1916 878 1913 878 1913 878 1913 878 1895 869 1870 853 1848 872 1848 872 1848 872 1845 872 1845 872 1845 872 1842 872 1842 872 1838 872 1838 872 1838 872 1835 872 1835 872 1832 872 1789 853 1667 869 1667 869 1664 869 1664 869 1574 856 1489 878 1458 887 1455 887 1455 887 1452 887 1452 887 1402 881 1268 862 1168 887 1159 887 1159 887 1159 887 1156 887 1156 887 1153 887 1153 887 1153 887 1150 887 1150 887 1122 869 1090 887 1084 894 1081 894 1081 894 1078 894 1078 894 1078 894 1075 894 1075 894 1072 894 1072 894 1072 894 1069 894 1062 890 1022 865 928 865 701 897"/></Shape>
	    <String CONTENT=""
                    HPOS="695"
                    VPOS="732"
                    WIDTH="1670"
                    HEIGHT="165"></String>
          </TextLine>

          
          
          <TextLine ID="eSc_line_f08cdfbe"
                    
                    BASELINE="701 865 928 850 2365 828" 
                    HPOS="695"
                    VPOS="732"
                    WIDTH="1670"
                    HEIGHT="165">
            <Shape><Polygon POINTS="701 865 695 753 860 753 863 753 866 753 963 781 1012 756 1022 750 1025 750 1109 747 1112 747 1115 747 1118 747 1131 756 1178 791 1249 791 1299 760 1318 747 1321 747 1324 747 1327 747 1330 747 1362 760 1399 775 1433 760 1455 750 1458 750 1461 750 1464 750 1468 750 1480 760 1511 781 1620 763 1642 760 1645 760 1648 760 1651 760 1655 763 1686 781 1817 781 1835 766 1845 756 1848 756 1851 756 1854 756 1929 766 1997 775 2013 766 2050 738 2054 738 2057 738 2060 738 2063 738 2103 747 2125 732 2128 732 2131 732 2135 732 2359 772 2365 828 2362 856 2138 847 2107 862 2107 865 2103 865 2100 865 2097 865 2088 865 2054 856 2041 865 2029 875 2029 878 2025 878 2022 878 2022 881 1920 881 1916 878 1913 878 1895 869 1870 853 1848 872 1845 872 1842 872 1838 872 1835 872 1832 872 1789 853 1667 869 1664 869 1574 856 1489 878 1458 887 1455 887 1452 887 1402 881 1268 862 1168 887 1159 887 1156 887 1153 887 1150 887 1122 869 1090 887 1084 894 1081 894 1078 894 1075 894 1072 894 1069 894 1062 890 1022 865 928 865 701 897"/></Shape>
	    <String CONTENT="Guilliame perriat, Par serement depose, Que"
                    HPOS="695"
                    VPOS="732"
                    WIDTH="1670"
                    HEIGHT="165"></String>
          </TextLine>

          
          
          <TextLine ID="eSc_line_aebfb048"
                    
                    BASELINE="720 953 1143 928 2434 915" 
                    HPOS="710"
                    VPOS="841"
                    WIDTH="1724"
                    HEIGHT="133">
            <Shape><Polygon POINTS="720 953 710 890 772 862 772 862 776 862 776 862 776 862 966 859 969 859 969 859 972 859 1041 881 1047 881 1056 881 1171 856 1171 856 1171 856 1175 856 1175 856 1178 856 1178 856 1178 856 1215 875 1221 878 1234 875 1290 856 1293 856 1293 856 1296 856 1296 856 1424 869 1493 875 1521 865 1555 853 1555 853 1558 853 1558 853 1561 853 1561 853 1561 853 1564 853 1564 853 1589 862 1608 875 1795 875 1898 856 1898 856 1898 856 1898 856 1901 856 1901 856 2050 865 2078 850 2085 844 2088 844 2088 844 2091 844 2091 844 2091 844 2094 844 2094 844 2125 847 2225 865 2278 844 2287 841 2287 841 2290 841 2290 841 2294 841 2428 841 2434 915 2431 946 2331 931 2256 946 2256 946 2256 946 2253 946 2253 946 2250 946 2250 946 2250 946 2247 946 2247 946 2225 928 2172 946 2172 946 2169 946 2169 946 2166 946 2166 946 2013 931 1923 956 1923 956 1920 956 1920 956 1920 956 1916 956 1904 956 1617 937 1586 956 1583 956 1583 956 1580 956 1580 956 1580 956 1577 956 1577 956 1574 956 1574 956 1527 940 1399 959 1399 959 1396 959 1396 959 1290 943 1125 965 1125 965 1122 965 1122 965 981 946 931 971 931 971 931 971 931 971 928 971 928 971 928 971 925 971 925 971 922 971 922 971 850 953 720 974"/></Shape>
	    <String CONTENT=""
                    HPOS="710"
                    VPOS="841"
                    WIDTH="1724"
                    HEIGHT="133"></String>
          </TextLine>

          
          
          <TextLine ID="eSc_line_9de88be0"
                    
                    BASELINE="720 953 1143 928 2434 915" 
                    HPOS="710"
                    VPOS="841"
                    WIDTH="1724"
                    HEIGHT="133">
            <Shape><Polygon POINTS="720 953 710 890 772 862 776 862 966 859 969 859 972 859 1041 881 1047 881 1056 881 1171 856 1175 856 1178 856 1215 875 1221 878 1234 875 1290 856 1293 856 1296 856 1424 869 1493 875 1521 865 1555 853 1558 853 1561 853 1564 853 1589 862 1608 875 1795 875 1898 856 1901 856 2050 865 2078 850 2085 844 2088 844 2091 844 2094 844 2125 847 2225 865 2278 844 2287 841 2290 841 2294 841 2428 841 2434 915 2431 946 2331 931 2256 946 2253 946 2250 946 2247 946 2225 928 2172 946 2169 946 2166 946 2013 931 1923 956 1920 956 1916 956 1904 956 1617 937 1586 956 1583 956 1580 956 1577 956 1574 956 1527 940 1399 959 1396 959 1290 943 1125 965 1122 965 981 946 931 971 928 971 925 971 922 971 850 953 720 974"/></Shape>
	    <String CONTENT="Ladite Annelin et sa mere ont quest morte quont"
                    HPOS="710"
                    VPOS="841"
                    WIDTH="1724"
                    HEIGHT="133"></String>
          </TextLine>

          
          
          <TextLine ID="eSc_line_5cfca343"
                    
                    BASELINE="732 1018 2434 990" 
                    HPOS="723"
                    VPOS="915"
                    WIDTH="1711"
                    HEIGHT="147">
            <Shape><Polygon POINTS="732 1018 723 968 801 940 804 940 804 940 804 940 807 940 807 940 807 940 810 940 810 940 810 940 850 962 975 962 997 940 997 940 997 940 1000 940 1000 940 1003 940 1003 940 1003 940 1103 934 1106 934 1106 934 1274 956 1293 956 1474 953 1474 950 1502 928 1502 928 1505 928 1505 928 1505 928 1508 928 1508 928 1511 928 1511 928 1511 928 1598 946 1639 931 1639 931 1642 931 1642 931 1642 931 1645 931 1645 931 1648 931 1648 931 1648 931 1651 931 1651 931 1670 946 1673 950 1857 950 1870 943 1920 922 1920 922 1923 922 1923 922 1923 922 1926 922 1926 922 1929 922 1988 940 2004 943 2019 937 2069 922 2072 922 2072 922 2072 922 2075 922 2075 922 2075 922 2078 922 2078 922 2113 937 2116 937 2125 937 2237 915 2237 915 2237 915 2241 915 2241 915 2244 915 2244 915 2290 934 2294 934 2297 931 2331 915 2331 915 2331 915 2334 915 2334 915 2334 915 2337 915 2337 915 2428 931 2434 990 2424 1034 2362 1006 2278 1034 2275 1034 2275 1034 2275 1034 2272 1034 2272 1034 2269 1034 2269 1034 2209 1012 2172 1031 2172 1031 2172 1031 2169 1031 2169 1031 2169 1031 2166 1031 2166 1031 2163 1031 2094 1012 2004 1037 2001 1037 2001 1037 1997 1037 1997 1037 1801 1015 1742 1043 1742 1043 1739 1043 1739 1043 1739 1043 1602 1046 1598 1046 1598 1046 1595 1046 1595 1046 1595 1046 1592 1046 1558 1024 1489 1049 1489 1049 1489 1049 1486 1049 1486 1049 1483 1049 1483 1049 1483 1049 1480 1049 1480 1049 1405 1027 1343 1049 1343 1049 1340 1049 1340 1049 1337 1049 1337 1049 1337 1049 1334 1049 1334 1049 1330 1049 1296 1027 1212 1043 1212 1043 1212 1043 1209 1043 1209 1043 1209 1043 1118 1024 1016 1043 1016 1043 1016 1043 1012 1043 850 1031 735 1062"/></Shape>
	    <String CONTENT=""
                    HPOS="723"
                    VPOS="915"
                    WIDTH="1711"
                    HEIGHT="147"></String>
          </TextLine>

          
          
          <TextLine ID="eSc_line_01ba25bb"
                    
                    BASELINE="732 1018 2434 990" 
                    HPOS="723"
                    VPOS="915"
                    WIDTH="1711"
                    HEIGHT="147">
            <Shape><Polygon POINTS="732 1018 723 968 801 940 804 940 807 940 810 940 850 962 975 962 997 940 1000 940 1003 940 1103 934 1106 934 1274 956 1293 956 1474 953 1474 950 1502 928 1505 928 1508 928 1511 928 1598 946 1639 931 1642 931 1645 931 1648 931 1651 931 1670 946 1673 950 1857 950 1870 943 1920 922 1923 922 1926 922 1929 922 1988 940 2004 943 2019 937 2069 922 2072 922 2075 922 2078 922 2113 937 2116 937 2125 937 2237 915 2241 915 2244 915 2290 934 2294 934 2297 931 2331 915 2334 915 2337 915 2428 931 2434 990 2424 1034 2362 1006 2278 1034 2275 1034 2272 1034 2269 1034 2209 1012 2172 1031 2169 1031 2166 1031 2163 1031 2094 1012 2004 1037 2001 1037 1997 1037 1801 1015 1742 1043 1739 1043 1602 1046 1598 1046 1595 1046 1592 1046 1558 1024 1489 1049 1486 1049 1483 1049 1480 1049 1405 1027 1343 1049 1340 1049 1337 1049 1334 1049 1330 1049 1296 1027 1212 1043 1209 1043 1118 1024 1016 1043 1012 1043 850 1031 735 1062"/></Shape>
	    <String CONTENT="heu demeure proche de la maison dudit deposant"
                    HPOS="723"
                    VPOS="915"
                    WIDTH="1711"
                    HEIGHT="147"></String>
          </TextLine>

          
          
          <TextLine ID="eSc_line_deefe8a9"
                    
                    BASELINE="751 1112 1193 1093 2431 1074" 
                    HPOS="741"
                    VPOS="999"
                    WIDTH="1690"
                    HEIGHT="150">
            <Shape><Polygon POINTS="751 1112 741 1046 797 1027 801 1027 801 1027 801 1027 804 1027 804 1027 891 1043 913 1046 916 1043 944 1021 944 1021 947 1021 947 1021 947 1021 950 1021 950 1021 953 1021 1041 1021 1041 1021 1041 1021 1044 1021 1044 1021 1044 1021 1081 1040 1087 1043 1090 1040 1134 1018 1134 1018 1134 1018 1137 1018 1137 1018 1140 1018 1206 1018 1206 1018 1206 1018 1209 1018 1209 1018 1209 1018 1212 1018 1212 1018 1212 1021 1228 1034 1253 1015 1253 1015 1256 1015 1256 1015 1259 1015 1259 1015 1259 1015 1262 1015 1262 1015 1262 1015 1358 1037 1371 1037 1399 1034 1549 1021 1549 1021 1552 1021 1720 1031 1748 1031 1754 1031 1842 1006 1845 1006 1845 1006 1848 1006 1848 1006 1848 1006 1932 1021 1957 1003 1960 1003 1960 1003 1960 1003 1963 1003 1963 1003 1966 1003 2078 1003 2078 1003 2078 1003 2082 1003 2082 1003 2085 1003 2116 1021 2175 999 2175 999 2178 999 2178 999 2181 999 2256 1003 2256 1003 2256 1003 2259 1003 2259 1003 2259 1003 2262 1003 2262 1003 2262 1006 2281 1021 2281 1021 2421 1021 2431 1074 2424 1096 2312 1096 2306 1099 2284 1121 2284 1124 2284 1124 2281 1124 2281 1124 2281 1124 2278 1124 2278 1124 2278 1127 2153 1127 2150 1124 2150 1124 2147 1124 2147 1124 2147 1124 2144 1124 2144 1124 2144 1121 2125 1105 2116 1096 1951 1096 1904 1096 1891 1112 1876 1124 1876 1127 1876 1127 1873 1127 1873 1127 1873 1127 1870 1127 1870 1127 1867 1127 1867 1127 1867 1127 1863 1127 1863 1127 1863 1127 1838 1112 1823 1105 1739 1108 1733 1115 1717 1130 1717 1133 1717 1133 1714 1133 1714 1133 1714 1133 1711 1133 1711 1133 1708 1133 1708 1133 1598 1121 1536 1136 1533 1136 1533 1136 1530 1136 1530 1136 1530 1136 1527 1136 1527 1136 1527 1136 1524 1136 1524 1136 1508 1121 1502 1118 1474 1121 1368 1140 1368 1140 1365 1140 1365 1140 1365 1140 1362 1140 1321 1127 1262 1108 1168 1108 1125 1130 1090 1146 1090 1146 1087 1146 1087 1146 1087 1146 1084 1146 1084 1146 1084 1146 1081 1146 1081 1146 1053 1133 1009 1115 941 1115 919 1136 907 1146 907 1149 907 1149 903 1149 903 1149 900 1149 900 1149 900 1149 897 1149 748 1140"/></Shape>
	    <String CONTENT=""
                    HPOS="741"
                    VPOS="999"
                    WIDTH="1690"
                    HEIGHT="150"></String>
          </TextLine>

          
          
          <TextLine ID="eSc_line_7008c72c"
                    
                    BASELINE="751 1112 1193 1093 2431 1074" 
                    HPOS="741"
                    VPOS="999"
                    WIDTH="1690"
                    HEIGHT="150">
            <Shape><Polygon POINTS="751 1112 741 1046 797 1027 801 1027 804 1027 891 1043 913 1046 916 1043 944 1021 947 1021 950 1021 953 1021 1041 1021 1044 1021 1081 1040 1087 1043 1090 1040 1134 1018 1137 1018 1140 1018 1206 1018 1209 1018 1212 1018 1212 1021 1228 1034 1253 1015 1256 1015 1259 1015 1262 1015 1358 1037 1371 1037 1399 1034 1549 1021 1552 1021 1720 1031 1748 1031 1754 1031 1842 1006 1845 1006 1848 1006 1932 1021 1957 1003 1960 1003 1963 1003 1966 1003 2078 1003 2082 1003 2085 1003 2116 1021 2175 999 2178 999 2181 999 2256 1003 2259 1003 2262 1003 2262 1006 2281 1021 2421 1021 2431 1074 2424 1096 2312 1096 2306 1099 2284 1121 2284 1124 2281 1124 2278 1124 2278 1127 2153 1127 2150 1124 2147 1124 2144 1124 2144 1121 2125 1105 2116 1096 1951 1096 1904 1096 1891 1112 1876 1124 1876 1127 1873 1127 1870 1127 1867 1127 1863 1127 1838 1112 1823 1105 1739 1108 1733 1115 1717 1130 1717 1133 1714 1133 1711 1133 1708 1133 1598 1121 1536 1136 1533 1136 1530 1136 1527 1136 1524 1136 1508 1121 1502 1118 1474 1121 1368 1140 1365 1140 1362 1140 1321 1127 1262 1108 1168 1108 1125 1130 1090 1146 1087 1146 1084 1146 1081 1146 1053 1133 1009 1115 941 1115 919 1136 907 1146 907 1149 903 1149 900 1149 897 1149 748 1140"/></Shape>
	    <String CONTENT="Et sont plus de quinze quicelles se faschoyent"
                    HPOS="741"
                    VPOS="999"
                    WIDTH="1690"
                    HEIGHT="150"></String>
          </TextLine>

          
          
          <TextLine ID="eSc_line_f426b63f"
                    
                    BASELINE="763 1196 2384 1168" 
                    HPOS="754"
                    VPOS="1093"
                    WIDTH="1630"
                    HEIGHT="137">
            <Shape><Polygon POINTS="763 1196 754 1143 801 1124 801 1124 804 1124 804 1124 804 1124 807 1124 807 1124 900 1136 944 1115 944 1115 944 1115 947 1115 947 1115 947 1115 950 1115 950 1115 1078 1133 1231 1112 1231 1112 1234 1112 1234 1112 1234 1112 1237 1112 1287 1127 1480 1112 1483 1112 1483 1112 1620 1124 1620 1124 1620 1124 1651 1102 1651 1102 1655 1102 1655 1102 1658 1102 1658 1102 1658 1102 1661 1102 1661 1102 1664 1102 1664 1102 1664 1102 1667 1102 1667 1102 1667 1105 1683 1118 1708 1102 1711 1102 1711 1102 1711 1102 1714 1102 1714 1102 1714 1102 1717 1102 1717 1102 1829 1121 1832 1121 1835 1121 1857 1102 1857 1102 1860 1102 1860 1102 1860 1102 1863 1102 1863 1102 1867 1102 1867 1102 1867 1102 1870 1102 1920 1118 1938 1102 1938 1099 1938 1099 1941 1099 1941 1099 1941 1099 1944 1099 1944 1099 1944 1099 2054 1096 2057 1096 2057 1096 2057 1096 2060 1096 2119 1115 2122 1115 2125 1115 2209 1099 2209 1099 2209 1099 2213 1099 2213 1099 2216 1099 2256 1112 2275 1096 2275 1093 2275 1093 2278 1093 2278 1093 2278 1093 2281 1093 2281 1093 2284 1093 2284 1093 2284 1093 2378 1112 2384 1168 2384 1183 2250 1205 2250 1205 2247 1205 2247 1205 2247 1205 2244 1205 2244 1205 2244 1205 2209 1186 2203 1183 2194 1186 2156 1208 2156 1208 2156 1208 2153 1208 2153 1208 2153 1211 2097 1211 2094 1208 2094 1208 2091 1208 2091 1208 2091 1208 2088 1208 2088 1208 2088 1205 2069 1189 2066 1186 2032 1189 1910 1202 1910 1202 1907 1202 1907 1202 1904 1202 1863 1193 1857 1189 1854 1193 1848 1202 1845 1202 1845 1205 1845 1205 1842 1205 1842 1205 1842 1205 1838 1205 1838 1205 1838 1205 1835 1205 1695 1193 1667 1193 1661 1196 1627 1217 1623 1217 1623 1217 1623 1217 1620 1217 1620 1217 1620 1217 1617 1217 1387 1199 1380 1199 1377 1199 1287 1224 1284 1224 1284 1224 1281 1224 1281 1224 1281 1224 1277 1224 1277 1224 1237 1208 1122 1227 1122 1227 1122 1227 1118 1227 1118 1227 975 1205 938 1230 935 1230 935 1230 935 1230 931 1230 931 1230 928 1230 928 1230 760 1205"/></Shape>
	    <String CONTENT=""
                    HPOS="754"
                    VPOS="1093"
                    WIDTH="1630"
                    HEIGHT="137"></String>
          </TextLine>

          
          
          <TextLine ID="eSc_line_36c1efdb"
                    
                    BASELINE="763 1196 2384 1168" 
                    HPOS="754"
                    VPOS="1093"
                    WIDTH="1630"
                    HEIGHT="137">
            <Shape><Polygon POINTS="763 1196 754 1143 801 1124 804 1124 807 1124 900 1136 944 1115 947 1115 950 1115 1078 1133 1231 1112 1234 1112 1237 1112 1287 1127 1480 1112 1483 1112 1620 1124 1651 1102 1655 1102 1658 1102 1661 1102 1664 1102 1667 1102 1667 1105 1683 1118 1708 1102 1711 1102 1714 1102 1717 1102 1829 1121 1832 1121 1835 1121 1857 1102 1860 1102 1863 1102 1867 1102 1870 1102 1920 1118 1938 1102 1938 1099 1941 1099 1944 1099 2054 1096 2057 1096 2060 1096 2119 1115 2122 1115 2125 1115 2209 1099 2213 1099 2216 1099 2256 1112 2275 1096 2275 1093 2278 1093 2281 1093 2284 1093 2378 1112 2384 1168 2384 1183 2250 1205 2247 1205 2244 1205 2209 1186 2203 1183 2194 1186 2156 1208 2153 1208 2153 1211 2097 1211 2094 1208 2091 1208 2088 1208 2088 1205 2069 1189 2066 1186 2032 1189 1910 1202 1907 1202 1904 1202 1863 1193 1857 1189 1854 1193 1848 1202 1845 1202 1845 1205 1842 1205 1838 1205 1835 1205 1695 1193 1667 1193 1661 1196 1627 1217 1623 1217 1620 1217 1617 1217 1387 1199 1380 1199 1377 1199 1287 1224 1284 1224 1281 1224 1277 1224 1237 1208 1122 1227 1118 1227 975 1205 938 1230 935 1230 931 1230 928 1230 760 1205"/></Shape>
	    <String CONTENT="contre deposant et ses gens de sorte que tost"
                    HPOS="754"
                    VPOS="1093"
                    WIDTH="1630"
                    HEIGHT="137"></String>
          </TextLine>

          
          
          <TextLine ID="eSc_line_f382f458"
                    
                    BASELINE="757 1289 1807 1261 2396 1261" 
                    HPOS="748"
                    VPOS="1186"
                    WIDTH="1648"
                    HEIGHT="140">
            <Shape><Polygon POINTS="757 1289 748 1221 2390 1186 2396 1261 2393 1270 2250 1292 2250 1292 2247 1292 2247 1292 2144 1280 2103 1277 2094 1283 2057 1302 2057 1302 2057 1302 2054 1302 2054 1302 2054 1302 2050 1302 2050 1302 2050 1302 1985 1286 1954 1280 1916 1289 1829 1308 1829 1308 1829 1311 1723 1311 1720 1308 1720 1308 1717 1308 1717 1308 1717 1308 1714 1308 1714 1308 1714 1305 1701 1295 1689 1283 1586 1298 1583 1298 1583 1298 1580 1298 1580 1298 1580 1298 1577 1298 1524 1286 1309 1292 1253 1311 1218 1320 1215 1320 1215 1320 1212 1320 1212 1320 1153 1314 1059 1305 1025 1320 1012 1323 1012 1323 1009 1323 1009 1323 1009 1323 1006 1323 1006 1323 1003 1323 1003 1323 1003 1323 1000 1323 997 1320 975 1308 757 1326"/></Shape>
	    <String CONTENT=""
                    HPOS="748"
                    VPOS="1186"
                    WIDTH="1648"
                    HEIGHT="140"></String>
          </TextLine>

          
          
          <TextLine ID="eSc_line_b8585fc5"
                    
                    BASELINE="757 1289 1807 1261 2396 1261" 
                    HPOS="748"
                    VPOS="1186"
                    WIDTH="1648"
                    HEIGHT="140">
            <Shape><Polygon POINTS="757 1289 748 1221 2390 1186 2396 1261 2393 1270 2250 1292 2247 1292 2144 1280 2103 1277 2094 1283 2057 1302 2054 1302 2050 1302 1985 1286 1954 1280 1916 1289 1829 1308 1829 1311 1723 1311 1720 1308 1717 1308 1714 1308 1714 1305 1701 1295 1689 1283 1586 1298 1583 1298 1580 1298 1577 1298 1524 1286 1309 1292 1253 1311 1218 1320 1215 1320 1212 1320 1153 1314 1059 1305 1025 1320 1012 1323 1009 1323 1006 1323 1003 1323 1000 1323 997 1320 975 1308 757 1326"/></Shape>
	    <String CONTENT="Incontinent Il devint deux chevaulx malades"
                    HPOS="748"
                    VPOS="1186"
                    WIDTH="1648"
                    HEIGHT="140"></String>
          </TextLine>

          
          
          <TextLine ID="eSc_line_85af5f2a"
                    
                    BASELINE="757 1392 1820 1355 2284 1364" 
                    HPOS="748"
                    VPOS="1274"
                    WIDTH="1536"
                    HEIGHT="149">
            <Shape><Polygon POINTS="757 1392 748 1333 797 1314 797 1314 801 1314 801 1314 804 1314 804 1314 804 1314 860 1326 882 1308 882 1305 882 1305 885 1305 885 1305 885 1305 888 1305 888 1305 891 1305 891 1305 891 1305 894 1305 894 1305 941 1323 1000 1298 1000 1298 1003 1298 1003 1298 1003 1298 1006 1298 1006 1298 1009 1298 1090 1320 1090 1320 1090 1320 1224 1292 1224 1292 1224 1292 1228 1292 1228 1292 1228 1292 1330 1314 1334 1314 1334 1314 1349 1295 1352 1295 1352 1292 1352 1292 1355 1292 1355 1292 1355 1292 1358 1292 1358 1292 1461 1286 1464 1286 1464 1286 1583 1305 1586 1305 1602 1305 1723 1302 1748 1280 1748 1280 1751 1280 1751 1280 1754 1280 1754 1280 1754 1280 1757 1280 1757 1280 1870 1298 1885 1298 1888 1295 1932 1274 1932 1274 1932 1274 1935 1274 1935 1274 1935 1274 1938 1274 1938 1274 1938 1274 1941 1274 2001 1292 2010 1295 2278 1286 2284 1364 2281 1373 1966 1392 1963 1392 1963 1392 1963 1392 1960 1392 1960 1392 1960 1392 1957 1392 1957 1392 1957 1389 1948 1379 1935 1370 1885 1383 1835 1392 1835 1392 1835 1392 1832 1392 1832 1392 1832 1392 1829 1392 1804 1383 1779 1376 1754 1386 1704 1401 1701 1401 1701 1401 1701 1401 1698 1401 1698 1401 1698 1401 1623 1386 1586 1379 1549 1389 1471 1407 1468 1407 1468 1407 1464 1407 1464 1407 1290 1392 1231 1389 1203 1395 1109 1417 1109 1417 1109 1417 1106 1417 1106 1417 1000 1404 854 1423 854 1423 850 1423 850 1423 850 1423 754 1401"/></Shape>
	    <String CONTENT=""
                    HPOS="748"
                    VPOS="1274"
                    WIDTH="1536"
                    HEIGHT="149"></String>
          </TextLine>

          
          
          <TextLine ID="eSc_line_5ee95fa3"
                    
                    BASELINE="757 1392 1820 1355 2284 1364" 
                    HPOS="748"
                    VPOS="1274"
                    WIDTH="1536"
                    HEIGHT="149">
            <Shape><Polygon POINTS="757 1392 748 1333 797 1314 801 1314 804 1314 860 1326 882 1308 882 1305 885 1305 888 1305 891 1305 894 1305 941 1323 1000 1298 1003 1298 1006 1298 1009 1298 1090 1320 1224 1292 1228 1292 1330 1314 1334 1314 1349 1295 1352 1295 1352 1292 1355 1292 1358 1292 1461 1286 1464 1286 1583 1305 1586 1305 1602 1305 1723 1302 1748 1280 1751 1280 1754 1280 1757 1280 1870 1298 1885 1298 1888 1295 1932 1274 1935 1274 1938 1274 1941 1274 2001 1292 2010 1295 2278 1286 2284 1364 2281 1373 1966 1392 1963 1392 1960 1392 1957 1392 1957 1389 1948 1379 1935 1370 1885 1383 1835 1392 1832 1392 1829 1392 1804 1383 1779 1376 1754 1386 1704 1401 1701 1401 1698 1401 1623 1386 1586 1379 1549 1389 1471 1407 1468 1407 1464 1407 1290 1392 1231 1389 1203 1395 1109 1417 1106 1417 1000 1404 854 1423 850 1423 754 1401"/></Shape>
	    <String CONTENT="audit deposant Et estant este deposant"
                    HPOS="748"
                    VPOS="1274"
                    WIDTH="1536"
                    HEIGHT="149"></String>
          </TextLine>

          
          
          <TextLine ID="eSc_line_95f3c48d"
                    
                    BASELINE="760 1488 1539 1454 2253 1445" 
                    HPOS="754"
                    VPOS="1364"
                    WIDTH="1499"
                    HEIGHT="156">
            <Shape><Polygon POINTS="760 1488 754 1426 910 1417 960 1392 960 1392 960 1392 963 1392 963 1392 963 1392 966 1392 966 1392 1081 1411 1168 1386 1171 1386 1171 1386 1171 1386 1175 1386 1175 1386 1302 1401 1377 1379 1380 1379 1380 1379 1380 1379 1383 1379 1383 1379 1387 1379 1446 1395 1533 1376 1533 1376 1533 1376 1536 1376 1536 1376 1536 1376 1539 1376 1539 1376 1586 1398 1589 1398 1611 1395 1810 1367 1810 1367 1814 1367 1814 1367 1814 1367 1817 1367 1817 1367 1867 1389 1873 1389 1979 1389 1985 1383 2016 1364 2019 1364 2019 1364 2019 1364 2022 1364 2022 1364 2025 1364 2025 1364 2025 1364 2029 1364 2029 1364 2032 1364 2060 1383 2063 1383 2066 1379 2113 1364 2113 1364 2116 1364 2116 1364 2119 1364 2119 1364 2247 1376 2253 1445 2253 1476 1396 1476 1362 1501 1362 1501 1358 1501 1358 1501 1358 1501 1355 1501 1355 1501 1352 1501 1352 1501 1352 1501 1284 1488 1218 1504 1215 1504 1215 1504 1212 1504 1212 1504 1209 1504 1209 1504 1156 1485 1075 1510 1075 1510 1072 1510 1072 1510 1069 1510 1069 1510 1065 1510 875 1492 844 1517 844 1517 841 1517 841 1517 841 1517 838 1517 838 1517 838 1517 760 1520"/></Shape>
	    <String CONTENT=""
                    HPOS="754"
                    VPOS="1364"
                    WIDTH="1499"
                    HEIGHT="156"></String>
          </TextLine>

          
          
          <TextLine ID="eSc_line_ad91f9ea"
                    
                    BASELINE="760 1488 1539 1454 2253 1445" 
                    HPOS="754"
                    VPOS="1364"
                    WIDTH="1499"
                    HEIGHT="156">
            <Shape><Polygon POINTS="760 1488 754 1426 910 1417 960 1392 963 1392 966 1392 1081 1411 1168 1386 1171 1386 1175 1386 1302 1401 1377 1379 1380 1379 1383 1379 1387 1379 1446 1395 1533 1376 1536 1376 1539 1376 1586 1398 1589 1398 1611 1395 1810 1367 1814 1367 1817 1367 1867 1389 1873 1389 1979 1389 1985 1383 2016 1364 2019 1364 2022 1364 2025 1364 2029 1364 2032 1364 2060 1383 2063 1383 2066 1379 2113 1364 2116 1364 2119 1364 2247 1376 2253 1445 2253 1476 1396 1476 1362 1501 1358 1501 1355 1501 1352 1501 1284 1488 1218 1504 1215 1504 1212 1504 1209 1504 1156 1485 1075 1510 1072 1510 1069 1510 1065 1510 875 1492 844 1517 841 1517 838 1517 760 1520"/></Shape>
	    <String CONTENT="prendre des herbes au Curtil delles"
                    HPOS="754"
                    VPOS="1364"
                    WIDTH="1499"
                    HEIGHT="156"></String>
          </TextLine>

          
          
          <TextLine ID="eSc_line_710e0d72"
                    
                    BASELINE="701 1591 1651 1541 2312 1526" 
                    HPOS="691"
                    VPOS="1445"
                    WIDTH="1621"
                    HEIGHT="184">
            <Shape><Polygon POINTS="701 1591 691 1501 738 1498 741 1498 741 1498 741 1498 744 1498 744 1498 744 1498 748 1498 748 1498 776 1520 810 1495 810 1495 810 1495 813 1495 813 1495 813 1495 816 1495 816 1495 819 1495 819 1495 819 1495 825 1495 944 1517 1009 1488 1019 1485 1019 1485 1022 1485 1022 1485 1022 1485 1159 1482 1162 1482 1162 1482 1165 1482 1165 1482 1168 1482 1218 1504 1256 1488 1256 1488 1259 1488 1259 1488 1259 1488 1262 1488 1436 1492 1502 1470 1527 1464 1530 1464 1530 1464 1530 1464 1533 1464 1533 1464 1570 1470 1673 1485 1926 1473 1948 1454 1951 1451 1951 1451 1954 1451 1954 1451 1954 1451 1957 1451 1957 1451 1960 1451 1960 1451 1960 1451 1963 1451 1976 1454 2019 1470 2100 1470 2125 1448 2128 1445 2128 1445 2131 1445 2131 1445 2131 1445 2135 1445 2135 1445 2138 1445 2303 1445 2312 1526 2312 1545 2206 1563 2206 1563 2203 1563 2203 1563 2203 1563 2200 1563 2169 1554 2119 1538 1982 1557 1982 1557 1979 1557 1979 1557 1907 1548 1873 1569 1860 1579 1857 1579 1857 1579 1857 1579 1854 1579 1854 1579 1851 1579 1851 1579 1851 1579 1848 1579 1848 1579 1848 1579 1832 1569 1792 1551 1623 1579 1623 1579 1620 1579 1620 1579 1620 1579 1617 1579 1617 1579 1617 1579 1580 1560 1430 1563 1387 1594 1383 1597 1380 1597 1380 1597 1380 1597 1377 1597 1377 1597 1377 1597 1374 1597 1374 1597 1371 1597 1362 1594 1305 1579 1284 1601 1281 1601 1281 1604 1281 1604 1277 1604 1277 1604 1277 1604 1274 1604 1274 1604 1274 1604 1190 1607 1187 1607 1187 1607 1187 1607 1184 1607 1184 1607 1181 1607 1181 1604 1143 1582 1103 1607 1100 1607 1100 1607 1100 1607 1097 1607 1097 1607 1065 1610 988 1616 984 1616 984 1616 984 1616 975 1616 860 1594 701 1629"/></Shape>
	    <String CONTENT=""
                    HPOS="691"
                    VPOS="1445"
                    WIDTH="1621"
                    HEIGHT="184"></String>
          </TextLine>

          
          
          <TextLine ID="eSc_line_48bdbd5c"
                    
                    BASELINE="701 1591 1651 1541 2312 1526" 
                    HPOS="691"
                    VPOS="1445"
                    WIDTH="1621"
                    HEIGHT="184">
            <Shape><Polygon POINTS="701 1591 691 1501 738 1498 741 1498 744 1498 748 1498 776 1520 810 1495 813 1495 816 1495 819 1495 825 1495 944 1517 1009 1488 1019 1485 1022 1485 1159 1482 1162 1482 1165 1482 1168 1482 1218 1504 1256 1488 1259 1488 1262 1488 1436 1492 1502 1470 1527 1464 1530 1464 1533 1464 1570 1470 1673 1485 1926 1473 1948 1454 1951 1451 1954 1451 1957 1451 1960 1451 1963 1451 1976 1454 2019 1470 2100 1470 2125 1448 2128 1445 2131 1445 2135 1445 2138 1445 2303 1445 2312 1526 2312 1545 2206 1563 2203 1563 2200 1563 2169 1554 2119 1538 1982 1557 1979 1557 1907 1548 1873 1569 1860 1579 1857 1579 1854 1579 1851 1579 1848 1579 1832 1569 1792 1551 1623 1579 1620 1579 1617 1579 1580 1560 1430 1563 1387 1594 1383 1597 1380 1597 1377 1597 1374 1597 1371 1597 1362 1594 1305 1579 1284 1601 1281 1601 1281 1604 1277 1604 1274 1604 1190 1607 1187 1607 1184 1607 1181 1607 1181 1604 1143 1582 1103 1607 1100 1607 1097 1607 1065 1610 988 1616 984 1616 975 1616 860 1594 701 1629"/></Shape>
	    <String CONTENT="Lung diceulx guerit et laultre mourut"
                    HPOS="691"
                    VPOS="1445"
                    WIDTH="1621"
                    HEIGHT="184"></String>
          </TextLine>

          
          
          <TextLine ID="eSc_line_e9af7073"
                    
                    BASELINE="766 1694 1147 1666 2331 1629" 
                    HPOS="757"
                    VPOS="1541"
                    WIDTH="1574"
                    HEIGHT="178">
            <Shape><Polygon POINTS="766 1694 757 1597 907 1591 910 1591 910 1591 913 1591 913 1591 913 1591 913 1591 916 1591 916 1591 947 1619 1022 1619 1153 1597 1153 1597 1156 1597 1337 1604 1480 1569 1489 1569 1489 1569 1489 1569 1493 1569 1493 1569 1496 1569 1496 1569 1499 1569 1567 1594 1848 1566 1851 1566 1851 1566 1985 1582 2013 1560 2013 1557 2013 1557 2016 1557 2016 1557 2019 1557 2019 1557 2019 1557 2318 1541 2331 1629 2331 1650 2203 1675 2203 1675 2200 1675 2200 1675 2200 1675 2197 1675 2197 1675 2194 1675 2169 1660 2156 1650 2141 1660 2113 1678 2110 1678 2110 1678 2107 1678 2107 1678 2107 1678 2022 1682 2019 1682 2019 1682 2019 1682 2016 1682 2016 1682 1982 1666 1957 1657 1938 1669 1913 1688 1910 1688 1910 1688 1910 1688 1907 1688 1907 1688 1907 1688 1904 1688 1904 1688 1901 1688 1901 1688 1857 1672 1829 1663 1711 1678 1661 1685 1661 1685 1658 1685 1658 1685 1658 1685 1639 1682 1580 1669 1493 1688 1433 1700 1433 1700 1433 1700 1430 1700 1430 1700 1430 1700 1427 1700 1427 1700 1427 1700 1411 1691 1380 1675 1315 1697 1271 1710 1268 1710 1268 1710 1268 1710 1265 1710 1265 1710 1209 1700 1118 1685 1062 1707 1031 1719 1031 1719 1028 1719 1028 1719 1025 1719 1025 1719 963 1713 850 1697 769 1719"/></Shape>
	    <String CONTENT=""
                    HPOS="757"
                    VPOS="1541"
                    WIDTH="1574"
                    HEIGHT="178"></String>
          </TextLine>

          
          
          <TextLine ID="eSc_line_6ad58601"
                    
                    BASELINE="766 1694 1147 1666 2331 1629" 
                    HPOS="757"
                    VPOS="1541"
                    WIDTH="1574"
                    HEIGHT="178">
            <Shape><Polygon POINTS="766 1694 757 1597 907 1591 910 1591 913 1591 916 1591 947 1619 1022 1619 1153 1597 1156 1597 1337 1604 1480 1569 1489 1569 1493 1569 1496 1569 1499 1569 1567 1594 1848 1566 1851 1566 1985 1582 2013 1560 2013 1557 2016 1557 2019 1557 2318 1541 2331 1629 2331 1650 2203 1675 2200 1675 2197 1675 2194 1675 2169 1660 2156 1650 2141 1660 2113 1678 2110 1678 2107 1678 2022 1682 2019 1682 2016 1682 1982 1666 1957 1657 1938 1669 1913 1688 1910 1688 1907 1688 1904 1688 1901 1688 1857 1672 1829 1663 1711 1678 1661 1685 1658 1685 1639 1682 1580 1669 1493 1688 1433 1700 1430 1700 1427 1700 1411 1691 1380 1675 1315 1697 1271 1710 1268 1710 1265 1710 1209 1700 1118 1685 1062 1707 1031 1719 1028 1719 1025 1719 963 1713 850 1697 769 1719"/></Shape>
	    <String CONTENT="dit quil a perdus beaulxcoup de chevaulx"
                    HPOS="757"
                    VPOS="1541"
                    WIDTH="1574"
                    HEIGHT="178"></String>
          </TextLine>

          
          
          <TextLine ID="eSc_line_24bd57ce"
                    
                    BASELINE="766 1781 1458 1753 2309 1738" 
                    HPOS="760"
                    VPOS="1660"
                    WIDTH="1549"
                    HEIGHT="168">
            <Shape><Polygon POINTS="766 1781 760 1719 907 1716 907 1713 928 1694 928 1694 931 1694 931 1694 931 1694 935 1694 935 1694 935 1694 938 1694 938 1694 941 1694 941 1694 981 1710 991 1713 1000 1710 1072 1688 1075 1688 1075 1688 1078 1688 1078 1688 1184 1697 1218 1682 1218 1682 1218 1682 1221 1682 1221 1682 1224 1682 1486 1694 1489 1694 1489 1694 1561 1675 1564 1675 1564 1675 1564 1675 1567 1675 1567 1675 1570 1675 1570 1675 1570 1675 1574 1675 1574 1675 1592 1691 1598 1697 1676 1697 1726 1688 1863 1669 1863 1669 1867 1669 1867 1669 1867 1669 1932 1682 1948 1685 1960 1682 2019 1660 2019 1660 2022 1660 2022 1660 2025 1660 2025 1660 2025 1660 2029 1660 2029 1660 2066 1675 2300 1672 2309 1738 2309 1794 1926 1806 1923 1806 1923 1806 1920 1806 1920 1806 1920 1806 1916 1806 1916 1806 1916 1803 1907 1797 1885 1775 1826 1775 1798 1797 1782 1809 1782 1809 1779 1809 1779 1809 1779 1809 1776 1809 1776 1809 1776 1809 1773 1809 1773 1809 1695 1797 1570 1775 1502 1797 1483 1803 1480 1803 1480 1803 1480 1803 1477 1803 1477 1803 1474 1803 1474 1803 1474 1803 1461 1797 1427 1781 1383 1797 1374 1800 1371 1800 1371 1800 1371 1800 1368 1800 1368 1800 1365 1800 1352 1797 1324 1791 1305 1797 1228 1828 1228 1828 1224 1828 1224 1828 1224 1828 1221 1828 1221 1828 1218 1828 1218 1828 1218 1828 1156 1797 1140 1791 766 1797"/></Shape>
	    <String CONTENT=""
                    HPOS="760"
                    VPOS="1660"
                    WIDTH="1549"
                    HEIGHT="168"></String>
          </TextLine>

          
          
          <TextLine ID="eSc_line_39cf076b"
                    
                    BASELINE="766 1781 1458 1753 2309 1738" 
                    HPOS="760"
                    VPOS="1660"
                    WIDTH="1549"
                    HEIGHT="168">
            <Shape><Polygon POINTS="766 1781 760 1719 907 1716 907 1713 928 1694 931 1694 935 1694 938 1694 941 1694 981 1710 991 1713 1000 1710 1072 1688 1075 1688 1078 1688 1184 1697 1218 1682 1221 1682 1224 1682 1486 1694 1489 1694 1561 1675 1564 1675 1567 1675 1570 1675 1574 1675 1592 1691 1598 1697 1676 1697 1726 1688 1863 1669 1867 1669 1932 1682 1948 1685 1960 1682 2019 1660 2022 1660 2025 1660 2029 1660 2066 1675 2300 1672 2309 1738 2309 1794 1926 1806 1923 1806 1920 1806 1916 1806 1916 1803 1907 1797 1885 1775 1826 1775 1798 1797 1782 1809 1779 1809 1776 1809 1773 1809 1695 1797 1570 1775 1502 1797 1483 1803 1480 1803 1477 1803 1474 1803 1461 1797 1427 1781 1383 1797 1374 1800 1371 1800 1368 1800 1365 1800 1352 1797 1324 1791 1305 1797 1228 1828 1224 1828 1221 1828 1218 1828 1156 1797 1140 1791 766 1797"/></Shape>
	    <String CONTENT="et avoit deposant opininion que ladite Annelin"
                    HPOS="760"
                    VPOS="1660"
                    WIDTH="1549"
                    HEIGHT="168"></String>
          </TextLine>

          
          
          <TextLine ID="eSc_line_38533dd7"
                    
                    BASELINE="766 1875 2197 1847" 
                    HPOS="760"
                    VPOS="1775"
                    WIDTH="1437"
                    HEIGHT="165">
            <Shape><Polygon POINTS="766 1875 760 1825 1078 1788 1081 1788 1200 1791 1200 1791 1200 1791 1203 1791 1203 1791 1203 1791 1206 1791 1237 1812 1268 1797 1268 1797 1268 1797 1271 1797 1271 1797 1274 1797 1274 1797 1380 1809 1390 1809 1393 1809 1427 1781 1427 1781 1430 1781 1430 1781 1433 1781 1433 1781 1433 1781 1602 1778 1605 1778 1605 1778 1608 1778 1608 1778 1664 1803 1664 1803 1667 1803 1717 1775 1717 1775 1717 1775 1720 1775 1720 1775 1720 1775 1723 1775 1723 1775 1723 1775 1726 1775 1795 1800 1801 1800 2088 1797 2094 1791 2141 1775 2141 1775 2144 1775 2144 1775 2147 1775 2147 1775 2147 1775 2150 1775 2194 1791 2197 1847 2197 1869 2103 1890 2103 1890 2103 1890 2100 1890 2100 1890 2097 1890 2097 1890 2097 1890 2094 1890 2072 1875 2069 1875 1764 1878 1739 1890 1670 1921 1670 1921 1667 1921 1667 1921 1667 1921 1664 1921 1664 1921 1664 1921 1661 1921 1595 1900 1564 1928 1564 1928 1561 1928 1561 1928 1561 1928 1558 1928 1558 1928 1558 1928 1196 1934 1193 1934 1193 1934 1190 1934 1190 1934 1190 1934 1187 1934 1187 1934 1168 1918 1140 1893 1097 1893 978 1903 944 1928 928 1940 925 1940 925 1940 925 1940 922 1940 922 1940 922 1940 919 1940 763 1934"/></Shape>
	    <String CONTENT=""
                    HPOS="760"
                    VPOS="1775"
                    WIDTH="1437"
                    HEIGHT="165"></String>
          </TextLine>

          
          
          <TextLine ID="eSc_line_a0b92be9"
                    
                    BASELINE="766 1875 2197 1847" 
                    HPOS="760"
                    VPOS="1775"
                    WIDTH="1437"
                    HEIGHT="165">
            <Shape><Polygon POINTS="766 1875 760 1825 1078 1788 1081 1788 1200 1791 1203 1791 1206 1791 1237 1812 1268 1797 1271 1797 1274 1797 1380 1809 1390 1809 1393 1809 1427 1781 1430 1781 1433 1781 1602 1778 1605 1778 1608 1778 1664 1803 1667 1803 1717 1775 1720 1775 1723 1775 1726 1775 1795 1800 1801 1800 2088 1797 2094 1791 2141 1775 2144 1775 2147 1775 2150 1775 2194 1791 2197 1847 2197 1869 2103 1890 2100 1890 2097 1890 2094 1890 2072 1875 2069 1875 1764 1878 1739 1890 1670 1921 1667 1921 1664 1921 1661 1921 1595 1900 1564 1928 1561 1928 1558 1928 1196 1934 1193 1934 1190 1934 1187 1934 1168 1918 1140 1893 1097 1893 978 1903 944 1928 928 1940 925 1940 922 1940 919 1940 763 1934"/></Shape>
	    <String CONTENT="et sa mere Lui faisoyent a mourir"
                    HPOS="760"
                    VPOS="1775"
                    WIDTH="1437"
                    HEIGHT="165"></String>
          </TextLine>

          
          
          <TextLine ID="eSc_line_645a19f1"
                    
                    BASELINE="785 2040 1676 2018 2237 2024" 
                    HPOS="772"
                    VPOS="1925"
                    WIDTH="1465"
                    HEIGHT="155">
            <Shape><Polygon POINTS="785 2040 772 1965 807 1943 810 1943 810 1943 810 1943 813 1943 813 1943 816 1943 816 1943 816 1943 819 1943 882 1962 894 1965 925 1962 1059 1940 1059 1940 1062 1940 1062 1940 1065 1940 1065 1940 1065 1940 1100 1956 1112 1962 1147 1956 1212 1940 1212 1940 1212 1940 1215 1940 1215 1940 1284 1949 1337 1959 1368 1949 1399 1937 1399 1937 1402 1937 1402 1937 1405 1937 1405 1937 1405 1937 1408 1937 1436 1946 1461 1956 1785 1956 1838 1934 1860 1928 1860 1928 1863 1928 1863 1928 1867 1928 2004 1928 2004 1928 2004 1928 2007 1928 2013 1931 2075 1949 2135 1925 2138 1925 2138 1925 2141 1925 2141 1925 2144 1925 2234 1925 2237 2024 2234 2046 2128 2043 2116 2049 2100 2062 2097 2062 2097 2062 2097 2062 2094 2062 2094 2062 2094 2062 2091 2062 2091 2062 2091 2062 2088 2062 2088 2062 2085 2062 2085 2062 2085 2059 2075 2052 2060 2040 1991 2052 1969 2055 1969 2055 1966 2055 1966 2055 1966 2055 1963 2055 1963 2055 1963 2055 1960 2055 1960 2052 1941 2040 1920 2055 1910 2062 1907 2062 1907 2062 1907 2062 1904 2062 1904 2062 1904 2062 1714 2068 1711 2068 1711 2068 1708 2068 1673 2059 1617 2046 1474 2062 1474 2062 1471 2062 1315 2049 1246 2068 1218 2077 1215 2077 1215 2077 1215 2080 1053 2080 1050 2077 1050 2077 1047 2077 1047 2077 1047 2077 1037 2074 1000 2052 785 2077"/></Shape>
	    <String CONTENT=""
                    HPOS="772"
                    VPOS="1925"
                    WIDTH="1465"
                    HEIGHT="155"></String>
          </TextLine>

          
          
          <TextLine ID="eSc_line_2467cf39"
                    
                    BASELINE="785 2040 1676 2018 2237 2024" 
                    HPOS="772"
                    VPOS="1925"
                    WIDTH="1465"
                    HEIGHT="155">
            <Shape><Polygon POINTS="785 2040 772 1965 807 1943 810 1943 813 1943 816 1943 819 1943 882 1962 894 1965 925 1962 1059 1940 1062 1940 1065 1940 1100 1956 1112 1962 1147 1956 1212 1940 1215 1940 1284 1949 1337 1959 1368 1949 1399 1937 1402 1937 1405 1937 1408 1937 1436 1946 1461 1956 1785 1956 1838 1934 1860 1928 1863 1928 1867 1928 2004 1928 2007 1928 2013 1931 2075 1949 2135 1925 2138 1925 2141 1925 2144 1925 2234 1925 2237 2024 2234 2046 2128 2043 2116 2049 2100 2062 2097 2062 2094 2062 2091 2062 2088 2062 2085 2062 2085 2059 2075 2052 2060 2040 1991 2052 1969 2055 1966 2055 1963 2055 1960 2055 1960 2052 1941 2040 1920 2055 1910 2062 1907 2062 1904 2062 1714 2068 1711 2068 1708 2068 1673 2059 1617 2046 1474 2062 1471 2062 1315 2049 1246 2068 1218 2077 1215 2077 1215 2080 1053 2080 1050 2077 1047 2077 1037 2074 1000 2052 785 2077"/></Shape>
	    <String CONTENT="Dit de plus Les avoir par plusieurs fois,"
                    HPOS="772"
                    VPOS="1925"
                    WIDTH="1465"
                    HEIGHT="155"></String>
          </TextLine>

          
          
          <TextLine ID="eSc_line_79093823"
                    
                    BASELINE="794 2136 2250 2108" 
                    HPOS="791"
                    VPOS="2034"
                    WIDTH="1459"
                    HEIGHT="152">
            <Shape><Polygon POINTS="794 2136 791 2062 891 2077 991 2059 1031 2052 1031 2052 1034 2052 1034 2052 1034 2052 1037 2052 1059 2059 1112 2074 1153 2059 1175 2049 1175 2049 1178 2049 1178 2049 1178 2049 1349 2046 1352 2046 1352 2046 1355 2046 1355 2046 1355 2046 1358 2046 1374 2055 1383 2062 1399 2055 1433 2046 1436 2046 1436 2046 1436 2046 1440 2046 1440 2046 1508 2055 1570 2065 1592 2055 1620 2043 1620 2043 1623 2043 1623 2043 1623 2043 1627 2043 1627 2043 1627 2043 1630 2043 1630 2043 1630 2043 1633 2043 1648 2055 1661 2065 1757 2065 1792 2052 1857 2037 1860 2037 1860 2037 1863 2037 1863 2037 2010 2052 2019 2052 2019 2052 2038 2037 2038 2034 2038 2034 2041 2034 2041 2034 2041 2034 2044 2034 2044 2034 2044 2034 2047 2034 2244 2052 2250 2108 2250 2146 2050 2164 2047 2164 2047 2164 2047 2164 2044 2164 2044 2164 2044 2164 2041 2164 2041 2164 2041 2161 2032 2152 2010 2133 1941 2133 1845 2140 1817 2158 1807 2168 1804 2168 1804 2168 1804 2168 1801 2168 1801 2168 1801 2168 1667 2171 1664 2171 1664 2171 1661 2171 1661 2171 1661 2171 1645 2164 1608 2146 1574 2168 1564 2174 1561 2174 1561 2174 1561 2174 1558 2174 1558 2174 1558 2177 1477 2177 1474 2174 1474 2174 1471 2174 1471 2174 1471 2174 1461 2171 1415 2146 1296 2146 1256 2171 1253 2171 1253 2171 1253 2171 1249 2171 1249 2171 1249 2171 1246 2171 1246 2171 1115 2149 794 2186"/></Shape>
	    <String CONTENT=""
                    HPOS="791"
                    VPOS="2034"
                    WIDTH="1459"
                    HEIGHT="152"></String>
          </TextLine>

          
          
          <TextLine ID="eSc_line_d107f6f1"
                    
                    BASELINE="794 2136 2250 2108" 
                    HPOS="791"
                    VPOS="2034"
                    WIDTH="1459"
                    HEIGHT="152">
            <Shape><Polygon POINTS="794 2136 791 2062 891 2077 991 2059 1031 2052 1034 2052 1037 2052 1059 2059 1112 2074 1153 2059 1175 2049 1178 2049 1349 2046 1352 2046 1355 2046 1358 2046 1374 2055 1383 2062 1399 2055 1433 2046 1436 2046 1440 2046 1508 2055 1570 2065 1592 2055 1620 2043 1623 2043 1627 2043 1630 2043 1633 2043 1648 2055 1661 2065 1757 2065 1792 2052 1857 2037 1860 2037 1863 2037 2010 2052 2019 2052 2038 2037 2038 2034 2041 2034 2044 2034 2047 2034 2244 2052 2250 2108 2250 2146 2050 2164 2047 2164 2044 2164 2041 2164 2041 2161 2032 2152 2010 2133 1941 2133 1845 2140 1817 2158 1807 2168 1804 2168 1801 2168 1667 2171 1664 2171 1661 2171 1645 2164 1608 2146 1574 2168 1564 2174 1561 2174 1558 2174 1558 2177 1477 2177 1474 2174 1471 2174 1461 2171 1415 2146 1296 2146 1256 2171 1253 2171 1249 2171 1246 2171 1115 2149 794 2186"/></Shape>
	    <String CONTENT="appelle sorciere, sans quicelles sen"
                    HPOS="791"
                    VPOS="2034"
                    WIDTH="1459"
                    HEIGHT="152"></String>
          </TextLine>

          
          
          <TextLine ID="eSc_line_9388c2fe"
                    
                    BASELINE="782 2233 1630 2208" 
                    HPOS="772"
                    VPOS="2136"
                    WIDTH="858"
                    HEIGHT="162">
            <Shape><Polygon POINTS="782 2233 772 2177 878 2152 878 2152 878 2152 882 2152 882 2152 882 2152 885 2152 885 2152 928 2171 928 2171 928 2171 1016 2149 1019 2149 1019 2149 1022 2149 1022 2149 1025 2149 1072 2161 1081 2149 1084 2149 1084 2146 1084 2146 1087 2146 1087 2146 1087 2146 1090 2146 1090 2146 1090 2146 1221 2143 1224 2143 1224 2143 1228 2143 1228 2143 1228 2143 1231 2143 1256 2161 1256 2161 1256 2161 1315 2140 1315 2140 1318 2140 1318 2140 1321 2140 1321 2140 1321 2140 1324 2140 1324 2140 1324 2140 1362 2158 1362 2158 1365 2158 1443 2136 1446 2136 1446 2136 1449 2136 1449 2136 1449 2136 1452 2136 1452 2136 1452 2136 1455 2136 1455 2136 1477 2155 1480 2155 1620 2152 1630 2208 1630 2224 1458 2239 1365 2273 1362 2273 1362 2273 1362 2273 1358 2273 1358 2273 1358 2273 1281 2258 1193 2270 1193 2270 1190 2270 1190 2270 1190 2270 1187 2270 1187 2270 1184 2270 1184 2270 1178 2264 1147 2242 966 2245 928 2286 925 2289 925 2289 925 2292 925 2292 922 2292 922 2292 919 2292 919 2292 919 2292 782 2298"/></Shape>
	    <String CONTENT=""
                    HPOS="772"
                    VPOS="2136"
                    WIDTH="858"
                    HEIGHT="162"></String>
          </TextLine>

          
          
          <TextLine ID="eSc_line_f4342773"
                    
                    BASELINE="782 2233 1630 2208" 
                    HPOS="772"
                    VPOS="2136"
                    WIDTH="858"
                    HEIGHT="162">
            <Shape><Polygon POINTS="782 2233 772 2177 878 2152 882 2152 885 2152 928 2171 1016 2149 1019 2149 1022 2149 1025 2149 1072 2161 1081 2149 1084 2149 1084 2146 1087 2146 1090 2146 1221 2143 1224 2143 1228 2143 1231 2143 1256 2161 1315 2140 1318 2140 1321 2140 1324 2140 1362 2158 1365 2158 1443 2136 1446 2136 1449 2136 1452 2136 1455 2136 1477 2155 1480 2155 1620 2152 1630 2208 1630 2224 1458 2239 1365 2273 1362 2273 1358 2273 1281 2258 1193 2270 1190 2270 1187 2270 1184 2270 1178 2264 1147 2242 966 2245 928 2286 925 2289 925 2292 922 2292 919 2292 782 2298"/></Shape>
	    <String CONTENT="soyent venge par droit."
                    HPOS="772"
                    VPOS="2136"
                    WIDTH="858"
                    HEIGHT="162"></String>
          </TextLine>

          
        </TextBlock>
        
        <TextBlock HPOS="698"
                   VPOS="2367"
                   WIDTH="1717"
                   HEIGHT="757"
                   ID="eSc_textblock_67b69034"
                   TAGREFS="BT367">
          <Shape><Polygon POINTS="2253 3086 772 3124 723 2962 698 2417 760 2379 1496 2367 2415 2404 2365 2974"/></Shape>
          
          
          <TextLine ID="eSc_line_bd2a5b69"
                    
                    BASELINE="701 2498 1115 2460 1726 2442 2412 2457" 
                    HPOS="695"
                    VPOS="2354"
                    WIDTH="1717"
                    HEIGHT="166">
            <Shape><Polygon POINTS="701 2498 695 2389 866 2401 913 2386 947 2373 950 2373 950 2373 950 2373 1078 2370 1081 2370 1081 2370 1171 2382 1253 2395 1274 2382 1299 2367 1302 2367 1302 2367 1305 2367 1305 2367 1305 2367 1309 2367 1309 2367 1309 2367 1312 2367 1355 2382 1393 2392 1443 2379 1514 2364 1514 2364 1514 2364 1517 2364 1517 2364 1517 2364 1521 2364 1521 2364 1524 2364 1549 2379 1555 2382 1570 2379 1639 2364 1639 2364 1639 2364 1642 2364 1642 2364 1645 2364 1645 2364 1645 2364 1648 2364 1648 2364 1664 2379 1676 2389 1745 2389 1757 2376 1776 2361 1776 2361 1779 2361 1779 2361 1779 2361 1782 2361 1782 2361 1782 2361 1785 2361 1932 2370 2035 2354 2035 2354 2038 2354 2091 2354 2091 2354 2091 2354 2094 2354 2094 2354 2094 2354 2097 2354 2097 2358 2119 2373 2125 2382 2225 2382 2234 2373 2253 2358 2253 2358 2256 2358 2256 2358 2256 2358 2259 2358 2259 2358 2259 2358 2262 2358 2262 2358 2265 2358 2265 2358 2265 2358 2269 2358 2269 2358 2287 2373 2294 2376 2406 2373 2412 2457 2412 2482 2250 2495 2247 2495 2247 2495 2247 2495 2213 2488 2113 2463 2063 2492 2044 2501 2044 2501 2044 2501 2041 2501 2041 2501 2041 2504 1885 2504 1882 2501 1882 2501 1879 2501 1879 2501 1876 2501 1870 2495 1826 2470 1804 2488 1804 2492 1804 2492 1801 2492 1801 2492 1798 2492 1798 2492 1798 2492 1795 2492 1795 2492 1792 2492 1792 2492 1792 2492 1789 2492 1754 2470 1517 2470 1480 2501 1480 2501 1477 2501 1477 2501 1477 2501 1474 2501 1474 2501 1452 2504 1374 2510 1371 2510 1371 2510 1371 2510 1368 2510 1368 2510 1368 2510 1365 2510 1365 2510 1365 2507 1362 2507 1330 2476 1284 2476 1168 2476 1128 2510 1128 2513 1128 2513 1125 2513 1125 2513 1125 2513 1122 2513 1122 2513 1122 2513 1118 2513 1118 2513 1118 2513 1115 2513 1109 2510 1059 2495 1034 2510 1031 2510 1031 2510 1028 2510 1028 2510 1028 2510 1025 2510 1025 2510 1022 2510 978 2498 960 2513 960 2516 960 2516 960 2516 956 2516 956 2516 956 2516 953 2516 953 2516 953 2516 950 2516 922 2516 757 2504 704 2520"/></Shape>
	    <String CONTENT=""
                    HPOS="695"
                    VPOS="2354"
                    WIDTH="1717"
                    HEIGHT="166"></String>
          </TextLine>

          
          
          <TextLine ID="eSc_line_471d0248"
                    
                    BASELINE="701 2498 1115 2460 1726 2442 2412 2457" 
                    HPOS="695"
                    VPOS="2354"
                    WIDTH="1717"
                    HEIGHT="166">
            <Shape><Polygon POINTS="701 2498 695 2389 866 2401 913 2386 947 2373 950 2373 1078 2370 1081 2370 1171 2382 1253 2395 1274 2382 1299 2367 1302 2367 1305 2367 1309 2367 1312 2367 1355 2382 1393 2392 1443 2379 1514 2364 1517 2364 1521 2364 1524 2364 1549 2379 1555 2382 1570 2379 1639 2364 1642 2364 1645 2364 1648 2364 1664 2379 1676 2389 1745 2389 1757 2376 1776 2361 1779 2361 1782 2361 1785 2361 1932 2370 2035 2354 2038 2354 2091 2354 2094 2354 2097 2354 2097 2358 2119 2373 2125 2382 2225 2382 2234 2373 2253 2358 2256 2358 2259 2358 2262 2358 2265 2358 2269 2358 2287 2373 2294 2376 2406 2373 2412 2457 2412 2482 2250 2495 2247 2495 2213 2488 2113 2463 2063 2492 2044 2501 2041 2501 2041 2504 1885 2504 1882 2501 1879 2501 1876 2501 1870 2495 1826 2470 1804 2488 1804 2492 1801 2492 1798 2492 1795 2492 1792 2492 1789 2492 1754 2470 1517 2470 1480 2501 1477 2501 1474 2501 1452 2504 1374 2510 1371 2510 1368 2510 1365 2510 1365 2507 1362 2507 1330 2476 1284 2476 1168 2476 1128 2510 1128 2513 1125 2513 1122 2513 1118 2513 1115 2513 1109 2510 1059 2495 1034 2510 1031 2510 1028 2510 1025 2510 1022 2510 978 2498 960 2513 960 2516 956 2516 953 2516 950 2516 922 2516 757 2504 704 2520"/></Shape>
	    <String CONTENT="Mory vauthier, dudit chevene Par serement depose"
                    HPOS="695"
                    VPOS="2354"
                    WIDTH="1717"
                    HEIGHT="166"></String>
          </TextLine>

          
          
          <TextLine ID="eSc_line_a0d89510"
                    
                    BASELINE="782 2557 1302 2532 2347 2526" 
                    HPOS="772"
                    VPOS="2454"
                    WIDTH="1575"
                    HEIGHT="125">
            <Shape><Polygon POINTS="782 2557 772 2501 825 2482 829 2482 829 2482 829 2482 832 2482 832 2482 950 2495 1053 2470 1056 2470 1056 2470 1059 2470 1059 2470 1059 2470 1062 2470 1062 2470 1122 2492 1206 2463 1209 2463 1209 2463 1212 2463 1334 2463 1334 2463 1334 2463 1337 2463 1337 2463 1337 2463 1340 2463 1340 2463 1340 2467 1365 2488 1527 2463 1527 2463 1530 2463 1530 2463 1530 2463 1533 2463 1533 2463 1536 2463 1536 2463 1564 2485 1567 2488 1642 2488 1651 2485 1736 2457 1739 2457 1739 2457 1742 2457 1832 2457 1832 2457 1832 2457 1835 2457 1835 2457 1835 2457 1838 2457 1873 2479 1944 2454 1948 2454 1948 2454 1948 2454 1951 2454 1951 2454 1951 2454 1954 2454 2022 2476 2085 2454 2085 2454 2088 2454 2088 2454 2091 2454 2091 2454 2091 2454 2094 2454 2094 2454 2097 2454 2097 2454 2125 2476 2128 2476 2337 2473 2347 2526 2347 2544 1997 2563 1994 2563 1994 2563 1991 2563 1991 2563 1991 2563 1988 2563 1988 2563 1979 2554 1960 2541 1807 2541 1789 2557 1782 2563 1782 2563 1779 2563 1779 2563 1776 2563 1776 2563 1776 2563 1658 2566 1655 2566 1655 2566 1655 2566 1651 2566 1651 2566 1648 2566 1642 2560 1617 2548 1558 2563 1533 2569 1530 2569 1530 2569 1527 2569 1527 2569 1486 2566 1387 2551 1368 2566 1365 2569 1365 2572 1365 2572 1362 2572 1362 2572 1362 2572 1358 2572 1358 2572 1358 2572 1355 2572 1355 2572 1324 2569 1215 2551 1112 2554 1094 2572 1094 2572 1094 2576 1094 2576 1090 2576 1090 2576 1090 2576 1087 2576 1087 2576 1084 2576 1084 2576 1084 2576 1069 2572 978 2557 782 2579"/></Shape>
	    <String CONTENT=""
                    HPOS="772"
                    VPOS="2454"
                    WIDTH="1575"
                    HEIGHT="125"></String>
          </TextLine>

          
          
          <TextLine ID="eSc_line_1524ed2b"
                    
                    BASELINE="782 2557 1302 2532 2347 2526" 
                    HPOS="772"
                    VPOS="2454"
                    WIDTH="1575"
                    HEIGHT="125">
            <Shape><Polygon POINTS="782 2557 772 2501 825 2482 829 2482 832 2482 950 2495 1053 2470 1056 2470 1059 2470 1062 2470 1122 2492 1206 2463 1209 2463 1212 2463 1334 2463 1337 2463 1340 2463 1340 2467 1365 2488 1527 2463 1530 2463 1533 2463 1536 2463 1564 2485 1567 2488 1642 2488 1651 2485 1736 2457 1739 2457 1742 2457 1832 2457 1835 2457 1838 2457 1873 2479 1944 2454 1948 2454 1951 2454 1954 2454 2022 2476 2085 2454 2088 2454 2091 2454 2094 2454 2097 2454 2125 2476 2128 2476 2337 2473 2347 2526 2347 2544 1997 2563 1994 2563 1991 2563 1988 2563 1979 2554 1960 2541 1807 2541 1789 2557 1782 2563 1779 2563 1776 2563 1658 2566 1655 2566 1651 2566 1648 2566 1642 2560 1617 2548 1558 2563 1533 2569 1530 2569 1527 2569 1486 2566 1387 2551 1368 2566 1365 2569 1365 2572 1362 2572 1358 2572 1355 2572 1324 2569 1215 2551 1112 2554 1094 2572 1094 2576 1090 2576 1087 2576 1084 2576 1069 2572 978 2557 782 2579"/></Shape>
	    <String CONTENT="que ladite Annelin a heu espose, le frere de"
                    HPOS="772"
                    VPOS="2454"
                    WIDTH="1575"
                    HEIGHT="125"></String>
          </TextLine>

          
          
          <TextLine ID="eSc_line_4de2c6c6"
                    
                    BASELINE="763 2638 1259 2613 2315 2594" 
                    HPOS="751"
                    VPOS="2526"
                    WIDTH="1567"
                    HEIGHT="134">
            <Shape><Polygon POINTS="763 2638 751 2582 816 2563 819 2563 819 2563 822 2563 822 2563 928 2576 953 2554 953 2551 953 2551 956 2551 956 2551 956 2551 960 2551 960 2551 960 2551 963 2551 963 2551 1056 2566 1147 2544 1150 2544 1150 2544 1153 2544 1153 2544 1318 2566 1411 2538 1415 2538 1415 2538 1415 2538 1418 2538 1418 2538 1421 2538 1421 2538 1421 2538 1477 2563 1567 2544 1567 2544 1567 2544 1570 2544 1570 2544 1670 2560 1676 2560 1676 2560 1714 2535 1717 2535 1717 2535 1717 2535 1720 2535 1720 2535 1723 2535 1723 2535 1801 2544 1817 2532 1817 2529 1817 2529 1820 2529 1820 2529 1820 2529 1823 2529 1823 2529 1826 2529 1879 2529 1879 2529 1879 2529 1882 2529 1882 2529 1882 2529 1885 2529 1885 2529 1916 2554 1916 2554 1920 2554 2063 2548 2088 2526 2088 2526 2091 2526 2091 2526 2091 2526 2094 2526 2094 2526 2097 2526 2097 2526 2097 2526 2100 2526 2172 2548 2206 2532 2206 2532 2206 2532 2209 2532 2209 2532 2213 2532 2213 2532 2309 2548 2315 2594 2318 2604 2262 2625 2262 2625 2259 2625 2259 2625 2256 2625 2256 2625 2150 2610 2141 2610 2138 2610 2085 2638 2085 2638 2085 2638 2082 2638 2082 2638 2078 2638 2078 2638 2078 2638 1988 2619 1764 2644 1764 2644 1761 2644 1761 2644 1757 2644 1757 2644 1757 2644 1754 2644 1754 2644 1754 2641 1736 2625 1733 2622 1714 2625 1658 2638 1658 2638 1658 2638 1655 2638 1655 2638 1651 2638 1651 2638 1651 2638 1648 2638 1636 2629 1630 2622 1620 2629 1602 2647 1602 2647 1598 2647 1598 2647 1598 2647 1595 2647 1595 2647 1595 2647 1592 2647 1427 2638 1293 2629 1253 2644 1240 2647 1240 2647 1237 2647 1237 2647 1234 2647 1234 2647 1234 2647 1231 2647 1218 2644 1178 2632 1134 2647 1125 2650 1125 2650 1122 2650 1122 2650 1118 2650 1069 2650 872 2644 763 2660"/></Shape>
	    <String CONTENT=""
                    HPOS="751"
                    VPOS="2526"
                    WIDTH="1567"
                    HEIGHT="134"></String>
          </TextLine>

          
          
          <TextLine ID="eSc_line_6740b642"
                    
                    BASELINE="763 2638 1259 2613 2315 2594" 
                    HPOS="751"
                    VPOS="2526"
                    WIDTH="1567"
                    HEIGHT="134">
            <Shape><Polygon POINTS="763 2638 751 2582 816 2563 819 2563 822 2563 928 2576 953 2554 953 2551 956 2551 960 2551 963 2551 1056 2566 1147 2544 1150 2544 1153 2544 1318 2566 1411 2538 1415 2538 1418 2538 1421 2538 1477 2563 1567 2544 1570 2544 1670 2560 1676 2560 1714 2535 1717 2535 1720 2535 1723 2535 1801 2544 1817 2532 1817 2529 1820 2529 1823 2529 1826 2529 1879 2529 1882 2529 1885 2529 1916 2554 1920 2554 2063 2548 2088 2526 2091 2526 2094 2526 2097 2526 2100 2526 2172 2548 2206 2532 2209 2532 2213 2532 2309 2548 2315 2594 2318 2604 2262 2625 2259 2625 2256 2625 2150 2610 2141 2610 2138 2610 2085 2638 2082 2638 2078 2638 1988 2619 1764 2644 1761 2644 1757 2644 1754 2644 1754 2641 1736 2625 1733 2622 1714 2625 1658 2638 1655 2638 1651 2638 1648 2638 1636 2629 1630 2622 1620 2629 1602 2647 1598 2647 1595 2647 1592 2647 1427 2638 1293 2629 1253 2644 1240 2647 1237 2647 1234 2647 1231 2647 1218 2644 1178 2632 1134 2647 1125 2650 1122 2650 1118 2650 1069 2650 872 2644 763 2660"/></Shape>
	    <String CONTENT="Lui deposant ; Et quon a tousjour reputee"
                    HPOS="751"
                    VPOS="2526"
                    WIDTH="1567"
                    HEIGHT="134"></String>
          </TextLine>

          
          
          <TextLine ID="eSc_line_777c0f51"
                    
                    BASELINE="760 2710 2350 2669" 
                    HPOS="754"
                    VPOS="2597"
                    WIDTH="1596"
                    HEIGHT="150">
            <Shape><Polygon POINTS="760 2710 754 2647 869 2660 907 2644 919 2638 919 2638 922 2638 922 2638 922 2638 925 2638 925 2638 928 2638 944 2641 997 2657 1050 2657 1065 2641 1075 2632 1075 2629 1075 2629 1078 2629 1078 2629 1078 2629 1081 2629 1081 2629 1081 2629 1271 2622 1274 2622 1274 2622 1277 2622 1277 2622 1277 2622 1281 2622 1281 2622 1296 2635 1312 2650 1358 2650 1374 2635 1390 2622 1390 2619 1390 2619 1393 2619 1393 2619 1393 2619 1396 2619 1396 2619 1399 2619 1399 2619 1399 2619 1402 2619 1446 2632 1477 2641 1496 2632 1524 2616 1524 2616 1524 2616 1527 2616 1527 2616 1530 2616 1530 2616 1530 2616 1533 2616 1577 2629 1605 2638 1907 2635 1920 2622 1929 2613 1929 2613 1929 2613 1932 2613 1932 2613 1935 2613 1935 2613 1935 2613 1938 2613 1938 2613 2016 2622 2085 2629 2128 2619 2219 2597 2219 2597 2219 2597 2222 2597 2222 2597 2225 2597 2225 2597 2275 2616 2297 2622 2340 2616 2350 2669 2350 2685 2225 2713 2225 2713 2225 2713 2072 2716 2069 2716 2069 2716 2066 2716 2007 2700 1982 2694 1944 2703 1854 2722 1854 2722 1854 2722 1851 2722 1851 2722 1736 2710 1667 2703 1645 2713 1617 2728 1617 2728 1617 2728 1614 2728 1614 2728 1611 2728 1611 2728 1611 2728 1558 2716 1508 2706 1433 2722 1368 2734 1368 2734 1365 2734 1365 2734 1365 2734 1321 2725 1256 2713 1134 2734 1103 2738 1103 2738 1100 2738 1100 2738 1100 2738 1084 2734 1006 2719 966 2738 966 2738 966 2738 963 2738 963 2738 960 2738 960 2738 888 2728 760 2747"/></Shape>
	    <String CONTENT=""
                    HPOS="754"
                    VPOS="2597"
                    WIDTH="1596"
                    HEIGHT="150"></String>
          </TextLine>

          
          
          <TextLine ID="eSc_line_72a44583"
                    
                    BASELINE="760 2710 2350 2669" 
                    HPOS="754"
                    VPOS="2597"
                    WIDTH="1596"
                    HEIGHT="150">
            <Shape><Polygon POINTS="760 2710 754 2647 869 2660 907 2644 919 2638 922 2638 925 2638 928 2638 944 2641 997 2657 1050 2657 1065 2641 1075 2632 1075 2629 1078 2629 1081 2629 1271 2622 1274 2622 1277 2622 1281 2622 1296 2635 1312 2650 1358 2650 1374 2635 1390 2622 1390 2619 1393 2619 1396 2619 1399 2619 1402 2619 1446 2632 1477 2641 1496 2632 1524 2616 1527 2616 1530 2616 1533 2616 1577 2629 1605 2638 1907 2635 1920 2622 1929 2613 1932 2613 1935 2613 1938 2613 2016 2622 2085 2629 2128 2619 2219 2597 2222 2597 2225 2597 2275 2616 2297 2622 2340 2616 2350 2669 2350 2685 2225 2713 2072 2716 2069 2716 2066 2716 2007 2700 1982 2694 1944 2703 1854 2722 1851 2722 1736 2710 1667 2703 1645 2713 1617 2728 1614 2728 1611 2728 1558 2716 1508 2706 1433 2722 1368 2734 1365 2734 1321 2725 1256 2713 1134 2734 1103 2738 1100 2738 1084 2734 1006 2719 966 2738 963 2738 960 2738 888 2728 760 2747"/></Shape>
	    <String CONTENT="Icelle Annelin estre une sorciere. Mesme"
                    HPOS="754"
                    VPOS="2597"
                    WIDTH="1596"
                    HEIGHT="150"></String>
          </TextLine>

          
          
          <TextLine ID="eSc_line_49e371e4"
                    
                    BASELINE="794 2819 1396 2787 2381 2766" 
                    HPOS="779"
                    VPOS="2678"
                    WIDTH="1602"
                    HEIGHT="181">
            <Shape><Polygon POINTS="794 2819 779 2759 832 2719 832 2719 835 2719 835 2719 835 2719 838 2719 838 2719 894 2716 897 2716 897 2716 1097 2747 1200 2706 1200 2706 1203 2706 1203 2706 1203 2706 1340 2703 1343 2703 1343 2703 1346 2703 1346 2703 1346 2703 1415 2734 1477 2710 1477 2710 1480 2710 1480 2710 1480 2710 1483 2710 1483 2710 1486 2710 1486 2710 1536 2728 1598 2700 1598 2700 1598 2700 1602 2700 1602 2700 1729 2691 1733 2691 1733 2691 1733 2691 1736 2691 1736 2691 1739 2691 1739 2691 1739 2694 1776 2728 1804 2728 1817 2728 1820 2725 1994 2697 1994 2697 1997 2697 1997 2697 1997 2697 2001 2697 2001 2697 2001 2697 2004 2697 2004 2697 2004 2700 2019 2716 2160 2716 2250 2678 2250 2678 2253 2678 2253 2678 2256 2678 2256 2678 2256 2678 2259 2678 2259 2678 2262 2678 2262 2678 2262 2682 2297 2710 2297 2710 2371 2710 2381 2766 2381 2775 2241 2822 2237 2822 2237 2822 2237 2825 2175 2825 2172 2822 2172 2822 2169 2822 2169 2822 2169 2822 2166 2822 2119 2791 2113 2787 2032 2787 1976 2797 1773 2834 1773 2834 1770 2834 1770 2834 1770 2834 1767 2834 1767 2834 1767 2834 1764 2834 1729 2809 1711 2800 1642 2803 1630 2815 1595 2840 1595 2840 1592 2840 1592 2840 1589 2840 1589 2840 1589 2840 1586 2840 1483 2834 1483 2834 1483 2834 1480 2834 1480 2834 1455 2825 1418 2806 1175 2812 1131 2840 1109 2856 1106 2856 1106 2856 1106 2856 1103 2856 1103 2856 1103 2859 794 2859"/></Shape>
	    <String CONTENT=""
                    HPOS="779"
                    VPOS="2678"
                    WIDTH="1602"
                    HEIGHT="181"></String>
          </TextLine>

          
          
          <TextLine ID="eSc_line_aa091bc4"
                    
                    BASELINE="794 2819 1396 2787 2381 2766" 
                    HPOS="779"
                    VPOS="2678"
                    WIDTH="1602"
                    HEIGHT="181">
            <Shape><Polygon POINTS="794 2819 779 2759 832 2719 835 2719 838 2719 894 2716 897 2716 1097 2747 1200 2706 1203 2706 1340 2703 1343 2703 1346 2703 1415 2734 1477 2710 1480 2710 1483 2710 1486 2710 1536 2728 1598 2700 1602 2700 1729 2691 1733 2691 1736 2691 1739 2691 1739 2694 1776 2728 1804 2728 1817 2728 1820 2725 1994 2697 1997 2697 2001 2697 2004 2697 2004 2700 2019 2716 2160 2716 2250 2678 2253 2678 2256 2678 2259 2678 2262 2678 2262 2682 2297 2710 2371 2710 2381 2766 2381 2775 2241 2822 2237 2822 2237 2825 2175 2825 2172 2822 2169 2822 2166 2822 2119 2791 2113 2787 2032 2787 1976 2797 1773 2834 1770 2834 1767 2834 1764 2834 1729 2809 1711 2800 1642 2803 1630 2815 1595 2840 1592 2840 1589 2840 1586 2840 1483 2834 1480 2834 1455 2825 1418 2806 1175 2812 1131 2840 1109 2856 1106 2856 1103 2856 1103 2859 794 2859"/></Shape>
	    <String CONTENT="que lui et sa femme apres quilz avoyent heu"
                    HPOS="779"
                    VPOS="2678"
                    WIDTH="1602"
                    HEIGHT="181"></String>
          </TextLine>

          
          
          <TextLine ID="eSc_line_a87e1eaf"
                    
                    BASELINE="744 2921 875 2906 1973 2865 2362 2859" 
                    HPOS="732"
                    VPOS="2766"
                    WIDTH="1630"
                    HEIGHT="180">
            <Shape><Polygon POINTS="744 2921 732 2859 825 2825 829 2825 829 2825 829 2825 832 2825 832 2825 835 2825 835 2825 903 2850 907 2850 1078 2850 1100 2840 1187 2806 1187 2806 1190 2806 1190 2806 1468 2797 1471 2797 1471 2797 1474 2797 1474 2797 1530 2819 1558 2828 1776 2825 1795 2806 1804 2800 1804 2797 1804 2797 1807 2797 1807 2797 1810 2797 1810 2797 1810 2797 1814 2797 1814 2797 1814 2797 1817 2797 1817 2797 1820 2797 1820 2797 1826 2803 1838 2812 1863 2803 1891 2791 1891 2791 1895 2791 1895 2791 1895 2791 1898 2791 1898 2791 1898 2791 1901 2791 1901 2791 1920 2800 1941 2809 1960 2797 1979 2784 1982 2784 1982 2784 1982 2784 1985 2784 1985 2784 1988 2784 1988 2784 1988 2784 1991 2784 1991 2784 1994 2784 1994 2784 2007 2794 2029 2812 2131 2791 2131 2791 2131 2791 2135 2791 2135 2791 2135 2791 2216 2806 2265 2781 2300 2766 2300 2766 2300 2766 2303 2766 2303 2766 2306 2766 2306 2766 2306 2766 2356 2778 2362 2859 2362 2872 2141 2896 2141 2896 2138 2896 2138 2896 2135 2896 2097 2884 2072 2878 2035 2887 2004 2896 2001 2896 2001 2896 1997 2896 1997 2896 1997 2896 1994 2896 1994 2896 1994 2896 1991 2896 1991 2896 1985 2890 1973 2881 1926 2893 1910 2896 1907 2896 1907 2896 1904 2896 1904 2896 1882 2896 1820 2887 1795 2900 1782 2906 1782 2906 1782 2906 1779 2906 1779 2906 1779 2906 1776 2906 1776 2906 1773 2906 1754 2900 1717 2890 1689 2903 1673 2912 1673 2912 1673 2912 1670 2912 1670 2912 1670 2912 1527 2918 1524 2918 1524 2918 1524 2918 1521 2918 1502 2912 1461 2900 1415 2915 1408 2918 1408 2918 1405 2918 1405 2918 1402 2918 1402 2918 1402 2918 1399 2918 1399 2918 1396 2918 1358 2903 1212 2906 1106 2931 1084 2934 1084 2934 1084 2934 1081 2934 1081 2934 1078 2934 1078 2934 1078 2934 1075 2931 1037 2915 835 2918 748 2946"/></Shape>
	    <String CONTENT=""
                    HPOS="732"
                    VPOS="2766"
                    WIDTH="1630"
                    HEIGHT="180"></String>
          </TextLine>

          
          
          <TextLine ID="eSc_line_cb4c1c95"
                    
                    BASELINE="744 2921 875 2906 1973 2865 2362 2859" 
                    HPOS="732"
                    VPOS="2766"
                    WIDTH="1630"
                    HEIGHT="180">
            <Shape><Polygon POINTS="744 2921 732 2859 825 2825 829 2825 832 2825 835 2825 903 2850 907 2850 1078 2850 1100 2840 1187 2806 1190 2806 1468 2797 1471 2797 1474 2797 1530 2819 1558 2828 1776 2825 1795 2806 1804 2800 1804 2797 1807 2797 1810 2797 1814 2797 1817 2797 1820 2797 1826 2803 1838 2812 1863 2803 1891 2791 1895 2791 1898 2791 1901 2791 1920 2800 1941 2809 1960 2797 1979 2784 1982 2784 1985 2784 1988 2784 1991 2784 1994 2784 2007 2794 2029 2812 2131 2791 2135 2791 2216 2806 2265 2781 2300 2766 2303 2766 2306 2766 2356 2778 2362 2859 2362 2872 2141 2896 2138 2896 2135 2896 2097 2884 2072 2878 2035 2887 2004 2896 2001 2896 1997 2896 1994 2896 1991 2896 1985 2890 1973 2881 1926 2893 1910 2896 1907 2896 1904 2896 1882 2896 1820 2887 1795 2900 1782 2906 1779 2906 1776 2906 1773 2906 1754 2900 1717 2890 1689 2903 1673 2912 1670 2912 1527 2918 1524 2918 1521 2918 1502 2912 1461 2900 1415 2915 1408 2918 1405 2918 1402 2918 1399 2918 1396 2918 1358 2903 1212 2906 1106 2931 1084 2934 1081 2934 1078 2934 1075 2931 1037 2915 835 2918 748 2946"/></Shape>
	    <String CONTENT="des querelles de propos avec ladite Annelin, quilz"
                    HPOS="732"
                    VPOS="2766"
                    WIDTH="1630"
                    HEIGHT="180"></String>
          </TextLine>

          
          
          <TextLine ID="eSc_line_d2dc8194"
                    
                    BASELINE="779 3005 1555 2971 2309 2959" 
                    HPOS="772"
                    VPOS="2881"
                    WIDTH="1537"
                    HEIGHT="159">
            <Shape><Polygon POINTS="779 3005 772 2953 991 2943 1050 2912 1050 2912 1050 2912 1053 2912 1053 2912 1056 2912 1056 2912 1056 2912 1175 2937 1215 2906 1215 2906 1218 2906 1218 2906 1221 2906 1221 2906 1221 2906 1281 2903 1284 2903 1284 2903 1393 2918 1508 2896 1508 2896 1508 2896 1511 2896 1511 2896 1514 2896 1514 2896 1514 2896 1517 2896 1517 2896 1517 2900 1536 2915 1639 2893 1639 2893 1639 2893 1642 2893 1642 2893 1767 2918 1770 2918 1773 2918 1835 2893 1835 2893 1838 2893 1838 2893 1838 2893 1842 2893 1842 2893 1845 2893 1920 2912 1988 2881 1988 2881 1991 2881 1991 2881 1991 2881 1994 2881 2303 2903 2309 2959 2306 2990 2072 2999 2069 2999 2069 2999 2066 2999 2066 2999 2066 2999 2066 2999 2063 2999 2035 2981 2007 2993 2007 2993 2004 2993 2004 2993 2004 2993 2001 2993 2001 2993 1901 2977 1857 3005 1854 3005 1854 3005 1854 3005 1854 3005 1851 3005 1851 3005 1848 3005 1848 3005 1848 3005 1845 3005 1845 3005 1845 3005 1845 3005 1798 2981 1773 2999 1770 2999 1770 2999 1770 2999 1767 2999 1767 2999 1767 2999 1764 2999 1764 2999 1764 2999 1761 2999 1761 2999 1757 2999 1733 2984 1664 2990 1645 3009 1645 3012 1645 3012 1642 3012 1642 3012 1642 3012 1639 3012 1639 3012 1639 3012 1636 3012 1636 3012 1636 3012 1636 3012 1633 3012 1558 2990 1449 3012 1449 3012 1449 3012 1446 3012 1446 3012 1443 3012 1443 3012 1443 3012 1440 3012 1411 2993 1290 2993 1240 3015 1240 3015 1237 3015 1237 3015 1234 3015 1234 3015 1115 3002 1081 3030 1081 3030 1078 3030 1078 3030 1078 3030 1078 3030 1075 3030 1075 3030 1072 3030 1072 3030 1072 3030 913 3012 875 3037 872 3037 872 3037 872 3037 869 3037 869 3037 869 3037 779 3040"/></Shape>
	    <String CONTENT=""
                    HPOS="772"
                    VPOS="2881"
                    WIDTH="1537"
                    HEIGHT="159"></String>
          </TextLine>

          
          
          <TextLine ID="eSc_line_d604eaeb"
                    
                    BASELINE="779 3005 1555 2971 2309 2959" 
                    HPOS="772"
                    VPOS="2881"
                    WIDTH="1537"
                    HEIGHT="159">
            <Shape><Polygon POINTS="779 3005 772 2953 991 2943 1050 2912 1053 2912 1056 2912 1175 2937 1215 2906 1218 2906 1221 2906 1281 2903 1284 2903 1393 2918 1508 2896 1511 2896 1514 2896 1517 2896 1517 2900 1536 2915 1639 2893 1642 2893 1767 2918 1770 2918 1773 2918 1835 2893 1838 2893 1842 2893 1845 2893 1920 2912 1988 2881 1991 2881 1994 2881 2303 2903 2309 2959 2306 2990 2072 2999 2069 2999 2066 2999 2063 2999 2035 2981 2007 2993 2004 2993 2001 2993 1901 2977 1857 3005 1854 3005 1851 3005 1848 3005 1845 3005 1798 2981 1773 2999 1770 2999 1767 2999 1764 2999 1761 2999 1757 2999 1733 2984 1664 2990 1645 3009 1645 3012 1642 3012 1639 3012 1636 3012 1633 3012 1558 2990 1449 3012 1446 3012 1443 3012 1440 3012 1411 2993 1290 2993 1240 3015 1237 3015 1234 3015 1115 3002 1081 3030 1078 3030 1075 3030 1072 3030 913 3012 875 3037 872 3037 869 3037 779 3040"/></Shape>
	    <String CONTENT="sont estes fort malades devenus debilles et"
                    HPOS="772"
                    VPOS="2881"
                    WIDTH="1537"
                    HEIGHT="159"></String>
          </TextLine>

          
          
          <TextLine ID="eSc_line_fa0f944f"
                    
                    BASELINE="766 3083 2247 3052" 
                    HPOS="760"
                    VPOS="2971"
                    WIDTH="1487"
                    HEIGHT="184">
            <Shape><Polygon POINTS="766 3083 760 2996 885 3015 950 2993 953 2993 956 2993 956 2993 956 2993 960 2993 960 2993 972 2993 1062 3009 1087 2993 1090 2990 1094 2990 1094 2990 1094 2990 1097 2990 1097 2990 1100 2990 1100 2990 1100 2990 1122 2993 1171 3002 1262 2993 1349 2984 1349 2984 1352 2984 1352 2984 1424 2993 1514 3002 1633 2990 1714 2984 1714 2984 1717 2984 1717 2984 1720 2984 1720 2984 1720 2984 1723 2984 1723 2984 1729 2990 1745 2999 1969 2996 1985 2990 2047 2971 2050 2971 2050 2971 2054 2971 2054 2971 2241 2990 2247 3052 2247 3074 2144 3077 2138 3080 2085 3118 2082 3118 2082 3118 2082 3118 2078 3118 2078 3118 2078 3118 2075 3118 2075 3118 2072 3118 2072 3118 2072 3118 2013 3090 2001 3083 1814 3083 1782 3102 1729 3130 1729 3130 1729 3130 1726 3130 1726 3130 1726 3130 1605 3136 1602 3136 1602 3136 1602 3136 1598 3136 1598 3136 1598 3136 1595 3136 1561 3111 1533 3096 1393 3096 1334 3124 1318 3133 1318 3133 1318 3133 1315 3133 1315 3133 1315 3133 1312 3133 1312 3133 1277 3127 1249 3124 1237 3130 1209 3146 1209 3146 1209 3146 1206 3146 1206 3146 1206 3149 1131 3149 1128 3146 1128 3146 1125 3146 1125 3146 1125 3146 1106 3136 1059 3115 994 3143 981 3149 981 3149 978 3149 978 3149 978 3149 975 3149 975 3149 953 3146 885 3133 766 3155"/></Shape>
	    <String CONTENT=""
                    HPOS="760"
                    VPOS="2971"
                    WIDTH="1487"
                    HEIGHT="184"></String>
          </TextLine>

          
          
          <TextLine ID="eSc_line_6e8fc144"
                    
                    BASELINE="766 3083 2247 3052" 
                    HPOS="760"
                    VPOS="2971"
                    WIDTH="1487"
                    HEIGHT="184">
            <Shape><Polygon POINTS="766 3083 760 2996 885 3015 950 2993 953 2993 956 2993 960 2993 972 2993 1062 3009 1087 2993 1090 2990 1094 2990 1097 2990 1100 2990 1122 2993 1171 3002 1262 2993 1349 2984 1352 2984 1424 2993 1514 3002 1633 2990 1714 2984 1717 2984 1720 2984 1723 2984 1729 2990 1745 2999 1969 2996 1985 2990 2047 2971 2050 2971 2054 2971 2241 2990 2247 3052 2247 3074 2144 3077 2138 3080 2085 3118 2082 3118 2078 3118 2075 3118 2072 3118 2013 3090 2001 3083 1814 3083 1782 3102 1729 3130 1726 3130 1605 3136 1602 3136 1598 3136 1595 3136 1561 3111 1533 3096 1393 3096 1334 3124 1318 3133 1315 3133 1312 3133 1277 3127 1249 3124 1237 3130 1209 3146 1206 3146 1206 3149 1131 3149 1128 3146 1125 3146 1106 3136 1059 3115 994 3143 981 3149 978 3149 975 3149 953 3146 885 3133 766 3155"/></Shape>
	    <String CONTENT="heu des bestiaulx beaulxcoup malades les"
                    HPOS="760"
                    VPOS="2971"
                    WIDTH="1487"
                    HEIGHT="184"></String>
          </TextLine>

          
        </TextBlock>
        
        <TextBlock HPOS="2270"
                   VPOS="3499"
                   WIDTH="75"
                   HEIGHT="100"
                   ID="eSc_textblock_769b271f"
                   TAGREFS="BT371">
          <Shape><Polygon POINTS="2270 3499 2270 3599 2345 3599 2345 3499"/></Shape>
          
          
          <TextLine ID="eSc_line_eb092c09"
                    
                    BASELINE="2280 3578 2331 3579" 
                    HPOS="2278"
                    VPOS="3495"
                    WIDTH="50"
                    HEIGHT="115">
            <Shape><Polygon POINTS="2278 3576 2278 3495 2328 3498 2328 3576 2328 3610 2278 3610"/></Shape>
	    <String CONTENT="5"
                    HPOS="2278"
                    VPOS="3495"
                    WIDTH="50"
                    HEIGHT="115"></String>
          </TextLine>

          
        </TextBlock>
        

        
      </PrintSpace>
    </Page>
  </Layout>
</alto>
