2754 3743
359 205 262 365 76

268 580 66 115 7

761 143 1668 150 enffans bastien Simon, une jument au voueble

777 249 1571 122 et ung veau au claivier et donne le mal

771 333 1121 103 a Richard chavanne de Cueve.

721 458 415 147 Bernard

1177 446 106 74 fils

1186 467 1243 144 gui Jehan Noel mahon depose avoir

733 570 1690 128 ouys dire en presentce de plusieurs Quil avoit oys

774 639 1577 134 audit henri que il se vouloir descharger Que

789 726 1593 116 sa femme estoit resolue et en volonte de

780 807 1639 106 mectre le feu en la maison de ses freres et

786 888 1565 116 que si cela ne se faisoit ceste fois la

780 973 1661 112 quelle se feroit une aultre fois. Et quon

768 1057 1736 137 debvoit faire bon guaict quil sen deschargeoit

758 1160 1683 112 Et lavoit empeiche par deux ou trois nuit de

771 1244 1705 119 mectre en execution tel fait et quil navoit

777 1328 1536 116 point dormis parce quil ne la pouvoit

730 1406 472 137 empeicher.

758 1565 1690 144 Dit quelle est chargee et suspitionnee destre une

786 1662 1612 109 genauche Et avoir fait a mourir ung veau

780 1743 1649 109 au tixerain Mesme avoir fait a mourir le

789 1812 1640 140 fils de Jaicque chevrolet son frere Et avoir

774 1899 1542 125 greve et fait borne le fils Henri guenat

755 2092 1449 178 Groz Jehan vouelin frere dudit henri vouelin

746 2270 1755 156 Richard chavanne de Cueve Par serement depose

789 2376 1724 125 que trois sepmaines apres Pasques passes que deposant

793 2467 1679 146 sortit de son service de Beurnevesain A raison

793 2567 1683 140 questant audit Beurnevesain Il devint malade

777 2660 1680 159 dune Jambe laquelle sest ouverte Et est

799 2751 1577 156 encore presentement toute noire Et fust

749 2841 1645 156 remene sur ung cheval dillec en la maison

668 2932 1670 149 de son frere Estienne A Cueve Ou Il est

789 3038 1587 131 encore par lui entretenu honestement. Dit

771 3119 1667 187 que a raison de telle maladie que sondit frere

2376 3537 47 187 7
