2754 3743
743 202 1692 125 Agatte et une aultre femme appellee

761 296 1577 128 morise laquelle sest depuis retiree

740 389 1520 110 vindrent en sa maison visiter ledit

761 452 1724 159 enffant Et a opinion ledit deposant que pour

755 555 1683 140 lavoir offence moleste pour ledit manteau

799 651 1630 128 que ladite femme lui a heu donne le mal

783 729 1202 163 a sesdits enffa sondit enfant.

2223 810 212 107 leurdit

818 848 1558 168 Dit de plus que lors quelle entra en ladite

777 948 1346 140 maison quil ny avoit personne.

711 1051 1668 140 Dit de plus quicelle agatte sont passe

749 1150 1683 125 ung an quicelle fust demander a vendre

796 1241 1614 128 a deposant deux penaux froment Ce que

761 1344 1512 128 Lui estant refusa tout instanment

780 1441 1727 124 leur deux vaches furent tayries instanment

758 1537 1730 103 Et ayant surce use de ladvis de gens

768 1637 1751 115 la femme dudit deposant print des cendres

771 1728 1667 118 cendres de la maison de ladite Agatte et

821 1821 1477 122 en ayant donne a leur vaches elles

799 1927 1311 122 rendirent incontinenti leur laict.

718 2036 1779 131 Dit quil ny a personne en la Comunaulte

818 2121 1367 146 que ne fut absente sa compagnie

612 2270 1726 215 Jehannette femme dudit henri dit le mesme

746 2464 1586 177 Annatte femme de Bastien Simon par serement

768 2560 1545 147 depose Que ladite Agatte fust par une fois

780 2641 1636 175 querir du laict en sa maison et lui en ayant

765 2732 1651 159 refuse par ce quelle nen avoit point leur

758 2819 1724 169 deux vaches furent tairies bien 20 sepmaines

780 2922 1552 137 jusques a ce Et ne mangeoyent choses

774 2991 1630 153 aulcunes sinon jusques a ce quelle fust

765 3075 1704 156 prendre des herbes de son curtil et en donna

783 3178 1683 178 ausdites vaches et desla reprindrent le manger

2385 3530 47 172 9
