2523 3728
425 200 258 259 66

1634 15 715 177 1608, sept. 24 - nov. 22

1124 152 1035 127 Du 24 de Septembre 1608.

1171 226 1122 137 Informations prinse et levees

1221 316 1115 118 doffice par nous henri farine

1261 403 1137 109 Prevost de Pourrentruy et Claudat

1249 475 1044 96 Briot mayre de Courthedoubs

1165 552 1149 106 Sur les diffamations et accusations,

1193 618 1190 115 faictes contre Annelin vefve de Perrat

1174 708 1156 105 Vauthier de Courthedoubs destre

1224 785 895 122 accusee pour sorciere

674 897 1690 162 Pierre Broingne dudit Courthedoubs par serement depose

671 1012 1637 115 Quil a une fille nomme lucie laquelle estant

692 1096 1579 103 par une fois au louvre sont environ six ans

671 1171 1606 102 Que ladite lucie Annelin la frappa entre

624 1239 1774 137 les deux espalles dont depuis elle vint grievement

668 1320 1618 124 malade et est Impotente dire du droit costel

655 1401 1588 139 Et tient deposant comme aussi ladite Lucie q par

646 1484 1696 143 ledi frappement la rendu en telle maladie

714 1575 1681 139 Et combien que deposant aye faict tout debvoir

677 1665 1609 130 dela faire a guerir sy est ce quil na treuve

702 1749 1615 124 aulcung remede Sinon que tous les medicins qui

677 1832 1600 153 lont veu ont tousjour juge quelle estoit

671 1923 416 118 encorsele.

661 1985 1666 130 Dit que sont quatre ans questant deposant Banvert

671 2078 1637 118 Il trouva ladite Lucie dessus ung poirie avec sa

664 2143 1666 134 fille que eschossotoyent des poires Et les ayant

655 2236 1656 140 deposant rescrie quilz seroyent gaigei Icelles

699 2336 1559 108 furent perdues sans quil peult scavoir ny

671 2416 1566 131 veoir quelles devindrent et ny heust une

711 2500 1106 140 seulle poire desoubs larbre.

261 2115 295 143 ᗅnnelin

1273 3429 72 121 2

2240 3435 62 81 1
