2649 3967
499 191 2021 168 10 Qui a cause La maladie des chevaulx de Guilliame

737 325 300 51 perreal

780 357 1260 125 dit bien scavoir quil lui en soit beaulxcoup mors

519 397 251 75 Negat

720 525 1135 129 se vengeoit de telle injures

496 439 1908 210 11 Pourquoi quant on lappelloit genauche en elle

572 604 1408 146 dit quelle navoit personne pour la deffendre

717 829 1769 116 de sa femme que sont este sy souvent malades

509 733 1928 222 12 . Qui ont causé les maladies de Mori Vauthier et

681 905 1594 149 Lors que Ilz avoient querelles avec elle

552 978 261 126 Negat

668 1176 1815 152 mori vauthier et pourquoi Il y mouroit tant

489 1081 1931 185 13. Qui causoit les maladies des chevaulx dudit

588 1256 285 122 Negat

727 1490 919 136 Semon villain Et pour

449 1371 2004 215 14 Qui a cause la maladie des juvencels de

618 1560 261 145 Negat

492 1746 1965 125 15 Et pourquoi elle se treuva ainsy blessee lors

724 1795 691 115 de telle maladie

605 1877 268 106 Negat

505 2027 1998 128 16. Pourquoi la femme premiere de Estienne doland

717 2092 1819 146 disoit que elle ladite Annelin la faisoit mourir

562 2171 281 126 Negat

724 2419 1805 136 quil avoit refuse de mener des voihon pour elle

509 2341 2044 224 17. Pourquoi les chevaulx de Thevnat guenin surce

724 2512 426 106 sont mort

529 2588 354 119 Negat

747 2809 1782 116 germain torel ne donnoit son laict, et quayant prins

714 2885 1716 123 delerbe au curtil delle ladite Annelin le laict

490 2732 1990 264 18 . Comme et par quel moyen le laict de la vache

704 2955 582 142 Lui estoit retorne

582 3051 301 132 Negat

714 3279 1726 126 chevaulx de Thevna maillat qui lui avoit

499 3219 1961 182 Sy elle scait point dou procedoit la maladie des

717 3362 1022 142 refuse de mener, des gerbes

565 3474 301 102 Negat

2427 3762 53 99 2
