2655 3972
751 185 1615 179 faire a relascher de prison, Moyenant les

741 307 1755 149 conditions et reserves suigvantes Premierement

754 383 1609 183 que jassisterai tous Les dimenches et festes

744 486 1685 159 solempnelles devotement a leglise, et vivrai

744 562 1725 172 en femme de bien selon les ordonnance dicelle

748 658 1635 179 Secondement que je ne hanterai les assemblees

751 757 1672 146 comme Nopces beniesons comairaige, louvres

751 834 1645 172 et costelz, Ains procurerai ladvancement de

754 930 1636 162 mon menaige sans divaguer de courir ca

748 1032 1668 166 et la, en sorte que personne naura occasion

748 1125 1668 175 de soi complaindre de moi. Tiercement que

774 1218 1659 178 si aulcune ulterieure plaincte se faisoit contre

741 1333 1721 149 de moi que Je me rendrai entre les mains de la

748 1423 1652 182 Justice sans mabsenter Et finablement que

744 1529 1699 172 de ce mien emprisonement je ne me vengerai

744 1631 1742 182 par moi ou par aultres ny entreprendrai ny ferai

761 1747 1668 146 entreprendre de men venger, soit contre Sondit

751 1833 1715 182 Excellence Reverendissime, Messieurs ses officiers

761 1939 1711 176 leurs serviteurs, les tesmoings produis contre

748 2038 1791 169 de moi Leurs femmes familles biens et chevances.

685 2141 1754 179 Lesquelx pointz et articles jai promis et jure par

764 2267 1583 139 serement de tout en tout de par tout fidelement

728 2350 1701 152 garder et observer de mon millieur pouvoir

724 2462 1669 146 Que sil advient que en lung ou en laultre

768 2558 1701 142 je contreviengne, alors je me submectz destre

761 2657 1625 123 chastie au contenu des ordonnances penible

741 2734 1685 145 du sainct Empire, Ce que jai par serement

741 2826 1698 136 solennel, jure de garder et inviolablement

721 2912 1722 143 accomplir Et pour plus grande solempnite

738 2988 1675 179 et assurance jai prie le Notaire soubsigne,

748 3101 1615 146 de soubsigner le present acte en mon nom

764 3177 1718 179 Ce quil at faict a ma tres grande priere

2323 3710 63 119 2
