2607 3803
91 158 473 111 questoyent sur le

123 225 232 126 grenier

63 446 507 146 xo le Cymetiere de

142 541 305 115 Souharce.

691 91 1738 140 Jecta dudit poulsat sur les porcs Caspar vallat

691 177 1776 149 lesquex en morurent Et ce pource que ledit Caspar

656 253 882 130 Lacusoit pour des paulx

672 370 1757 149 Confesse avoir jete du poulsat sur lung des chevaulx

678 453 1748 130 ches mori guyon quen morut que devint gairis lui ayant

666 532 1864 89 oste le mal avec de lerbe et de la terre quelle avoit prins sur xo

691 583 1738 145 Confesse que sont huict ans quil ne la approche

669 656 1785 145 pour ce quelle pourtoit ordinairement aupres delle

669 725 1722 171 du pain benit et de la charitai de pasque et dela

669 785 200 99 Rutte

631 823 1792 219 Et que sondit maitre hemerlin La sollicitatt de jecter

627 969 720 95 La ladite charretai

643 1033 1643 177 Dit que sont huict ans que ne lui ayant

615 1121 1624 143 volsus, Jehan du prai aller querir du bois

653 1213 1712 197 quelle avoit jecte dudit poulsat sur deux siens

621 1299 320 127 porcs.

615 1384 1773 175 Dit avoir frotte une vergette de la graise Que

675 1492 1694 152 sondit maitre lui avoit donne et en avoir frappe

637 1559 1786 174 La fille Caspar vallat questoit devenue malade

631 1657 1753 196 Mais quicelle devint guairie avec des cholz que

624 1746 1294 155 lom fust prendre au Curtil delle

621 1882 1691 152 Quelle alloit au rond bois de millandre au

599 1983 1709 137 Sabath et quelle avoit allors sa compagnie

1037 2139 1246 152 Le 19 dudit mois du matin sans

1075 2237 846 130 gehenne ni torture.

624 2348 1808 177 Icelle a repete et recognuz les articles cydevant

643 2449 822 137 escriptz sans variation.

1106 2576 723 133 Le 21 dudit mois

627 2687 1659 136 Surce que Alix vefve George Rossel lavoit

656 2785 1617 124 accuse destre sa complice et sur les inficiat

650 2861 1585 111 negations dicelle Adelheit icelle fust mis

643 2947 1659 133 a la torture, Ou elle recognut les faitz

621 3007 216 130 predits

627 3089 1764 124 Mais que oncques elle navoit heu complices ni

646 3172 1732 123 compagne sinon son maitre et surce sostint

586 3248 968 123 La question constamment.

621 3359 1418 142 Confesse les porcs Guille bel du prai

69 1654 463 104 mais ne sait se

66 1717 504 86 Sy celle quest morte

91 1777 492 86 ou non et ce parce que

95 1825 475 89 quelle ne lui avoit

85 1882 457 89 voulus donner des

91 1939 280 139 Blaisons

2308 3562 76 196 2
