2606 3823
752 105 1742 133 et quelle navoit jamais commis ni perpetres les

778 197 1722 118 actes par elle confesses. Surce lui fust donne

759 277 1569 140 terme jusques apres disne de soi adviser.

1202 382 874 143 Apres disne dudit jour

733 477 1735 141 Ladite Alix librement au grand poille du chasteau dit

755 560 1739 140 quelle estimoit que entant quelle ne confesseroit

746 624 1761 153 rien quelle eschape seroit renvoye quicte de la

759 694 1614 153 prison Mais quelle sestoit depuis advisee

749 774 1713 156 Et confessoit librement avoir commis lesdits

759 860 1687 146 actes lesquelx actes elle declaira derechieff

794 939 1713 140 Lune distinctement Priant quon heust a interce-

730 1016 1703 153 der envers son Excellence quon lui heust a

743 1111 1075 144 pardonner tel meffaict

1177 1232 934 147 Le jeudi 27 dudit mois

720 1366 1726 121 Icelle sur plusieurs admonestemens a elle faict

746 1449 1770 118 en presentce des Sept hommes de ne soy faire tord

746 1529 1713 108 ni a la justice Icelle recognut tous et chacuns les

755 1592 1621 121 actes que devant les avoir commis et perpetres

759 1656 615 131 demandant pardon

1071 1940 1069 162 Proces Criminel de Alix vefve

1068 2051 982 182 George Rossel de Boncourt

2373 3622 32 121 4
